3096 5114
516 1449 813 1540 malsonus·

290 2201 349 2296 db
366 2231 503 2318 antiquis
515 2227 590 2296 inde
607 2229 825 2319 temporibus,
844 2245 1056 2296 mercaturam
1073 2254 1158 2322 mag·

178 2355 332 2420 nitudinis
348 2354 556 2442 plurimarum
579 2355 745 2419 civitatum
768 2375 894 2418 causam
913 2354 1008 2420 fuisse
1024 2357 1157 2422 historia

180 2479 289 2545 docet.
336 2453 463 2542 Etenim
483 2477 538 2540 illa
559 2494 622 2561 est,
645 2502 725 2566 quae
745 2480 977 2545 humanitatem
993 2484 1158 2570 promovit

179 2605 298 2668 arctius
313 2601 478 2666 vinculum
493 2602 577 2666 inter
590 2602 676 2690 ipsos
691 2605 828 2692 populos
845 2608 1051 2688 contrahens,
1071 2609 1157 2676 unde

177 2750 273 2816 saepe
289 2725 490 2791 consuetudo
509 2727 634 2809 mitior,
656 2749 762 2792 mores
779 2728 945 2812 cultiores,
968 2732 1044 2817 quin
1061 2732 1158 2796 etiam

176 2853 263 2940 leges
296 2849 479 2914 utilissimae
518 2867 666 2932 exortae,
697 2875 840 2939 quaeque
872 2876 939 2917 non
971 2856 1156 2944 opulentam

176 2976 277 3043 modo
302 2974 407 3058 domi,
431 2975 487 3040 sed
503 2992 667 3064 potentem
685 3000 812 3064 quoque
829 2978 907 3043 foris
923 2983 1156 3070 rempublicam

176 3100 327 3168 reddidit.
365 3100 517 3189 Exempla
533 3101 594 3165 sint
609 3100 826 3187 Rhodiorum,
847 3104 1156 3196 Carthaginiensium

178 3229 289 3294 civitas
316 3242 348 3290 et
370 3227 455 3290 inter
477 3227 648 3290 novissima
672 3227 840 3317 Belgarum
861 3231 1057 3318 respublica,
1075 3252 1157 3316 quae

176 3376 215 3418 ex
229 3352 335 3440 parvis
348 3351 445 3415 initiis
461 3349 502 3414 ad
523 3373 679 3414 summum
697 3349 817 3439 gloriae
831 3350 989 3437 fastigium
1006 3351 1155 3437 pervenit

178 3492 210 3540 et
234 3475 289 3540 din
311 3476 483 3540 maximum
507 3488 706 3539 momentum
723 3474 758 3536 in
775 3473 869 3536 rebus
885 3473 1060 3562 Europaeis
1076 3475 1155 3542 diri·

175 3601 299 3667 mendis
315 3600 440 3667 habuit.
471 3599 555 3662 Nam
572 3597 711 3682 Majores
727 3597 827 3660 nostri
843 3596 875 3661 in
891 3598 958 3687 ipsa
974 3617 1155 3666 mercatura

174 3727 370 3818 reipublicae
393 3726 457 3790 vim
481 3747 548 3789 esse
563 3725 655 3788 sitam
672 3723 834 3807 arbitrati,
858 3748 1006 3816 magnam
1022 3749 1154 3814 operam

176 3852 343 3952 dedemnt,
358 3823 393 3918 ut
405 3875 475 3917 eam
488 3866 649 3940 augerent,
660 3863 692 3914 et
706 3864 775 3930 toto
786 3866 919 3938 pectore
931 3851 1154 3933 incubuerunt,

174 3956 214 4045 ut
226 4003 266 4045 ex
279 3980 334 4046 illa
350 3975 523 4045 commoda
539 3992 708 4068 caperent,
732 4000 812 4064 qnae
828 3976 896 4042 aliis
911 3977 1038 4066 populis
1053 3978 1153 4044 invisa

965 4126 978 4165 1
