3106 5110
647 407 686 468 21

176 630 259 713 1646
274 635 438 724 congruit,
458 637 491 698 in
508 656 548 699 eo
564 634 721 723 imprimis
736 634 872 724 profuit,
895 631 981 721 quod
998 655 1056 722 per
1070 632 1149 699 illud

170 758 256 848 leges
272 760 437 848 autiquae,
453 782 534 848 quae
550 773 600 825 tot
615 759 773 824 malorum
789 772 992 849 pepererant,
1010 759 1076 824 rim
1090 782 1150 849 per

168 883 298 972 aliquod
314 900 439 976 tempus
452 886 642 970 amiserunt,
662 883 747 950 unde
759 907 865 949 rursus
882 907 1004 950 merces
1018 884 1150 950 hostiles

166 1010 283 1076 vehere
303 1010 414 1093 licuit,
440 1033 480 1076 ex
499 1008 629 1102 regula:
666 1011 783 1076 Libera
799 1011 905 1093 navis,
932 1010 1033 1075 libera
1047 999 1147 1075 merx.

167 1133 319 1200 Amicitia
343 1136 452 1224 itaque
475 1158 549 1201 cum
572 1158 648 1226 rege
674 1152 722 1201 est
749 1135 894 1200 restituta
916 1146 949 1200 et
975 1134 1082 1201 edicta
1108 1135 1149 1200 ab

166 1275 300 1349 utraque
327 1277 419 1350 parte
442 1284 572 1344 severa,
600 1259 814 1348 prohibitoria
839 1257 979 1342 sublata,
1007 1259 1150 1346 quamvis

166 1405 347 1450 nunorteua
360 1408 417 1451 xiv
433 1407 509 1450 mox
523 1383 722 1472 probaverit,
737 1404 771 1447 se
786 1382 821 1445 in
836 1383 1065 1471 rempublicam
1082 1405 1150 1448 non

166 1507 261 1573 valde
286 1532 483 1598 propensum
509 1507 623 1589 fuisse,
652 1507 706 1595 qui
728 1505 844 1571 eodem
865 1528 970 1588 anno,
994 1505 1151 1571 invectio·

167 1654 244 1698 nem
263 1631 465 1722 pinguedinis
485 1631 673 1716 balnearum
691 1630 809 1720 (traan)
824 1629 992 1719 prohibuit
1008 1644 1040 1696 et
1055 1629 1151 1718 priri-

166 1752 286 1843 legium
314 1754 404 1821 dedit
419 1755 576 1850 'societati
603 1753 732 1820 cuidam
757 1755 793 1819 in
820 1753 944 1840 Gallia,
977 1777 1058 1843 quae
1082 1756 1151 1845 ipsa

165 1901 261 1944 naves
284 1877 327 1944 ad
346 1877 606 1969 Septentrionem
626 1879 769 1946 mitteret
789 1876 853 1968 (1),
873 1877 908 1942 in
927 1899 1079 1968 magnum
1096 1877 1149 1944 de·

166 2005 351 2071 trimentum
371 2005 555 2096 Belgarum,
580 2028 718 2094 quorum
738 2020 920 2070 mercatura
941 2019 973 2070 et
988 2005 1149 2093 piscatura

165 2131 222 2196 tali
240 2131 373 2198 decreto
392 2155 488 2221 quam
504 2132 642 2198 maxime
660 2131 912 2221 premebantur,
938 2131 1059 2219 quippe
1075 2131 1149 2218 qui,

166 2277 296 2346 quoquo
323 2279 429 2339 anno,
458 2279 606 2345 magnam
631 2255 840 2344 quantitatem
865 2254 958 2341 hujus
980 2255 1095 2322 mercis
1115 2255 1150 2320 in

164 2381 303 2448 Galliam
325 2380 519 2448 adveherent
537 2379 597 2470 (a).

208 2510 302 2576 Brevi
324 2523 424 2597 post,
443 2531 528 2573 anno
549 2506 651 2596 1659,
669 2506 768 2574 edixit
782 2531 860 2593 rex,
885 2532 927 2574 ne
943 2531 1039 2575 nares
1055 2532 1148 2598 pere·

162 2631 1148 2726 grinae,inGalliaeportubus,onerosuseiperent,priusquam

162 2760 341 2828 ineolarum
354 2782 449 2826 nares
460 2762 530 2848 jam
546 2774 651 2827 essent
667 2775 819 2826 oneratae
837 2757 895 2849 (3),
913 2781 988 2825 eum
1002 2759 1039 2824 iis
1049 2761 1146 2826 veeti-

192 3183 228 3252 (1)
245 3184 301 3235 Vide
321 3199 420 3235 1111111
441 3204 463 3236 ο.
481 3185 499 3236 1.
519 3187 545 3236 8.
562 3190 607 3238 87.
625 3189 667 3236 80.
685 3197 709 3236 et
728 3203 788 3254 quae
805 3185 897 3254 legatur
917 3201 1002 3237 touta
1020 3185 1108 3237 harde
1126 3207 1150 3237 re

253 3272 345 3338 teripait
359 3270 418 3321 ibid.
437 3272 463 3321 8.
481 3274 525 3322 88.
542 3274 603 3323 ete.

200 3354 236 3422 (8)
254 3354 332 3422 Belegia
352 3356 422 3403 etiam
445 3371 516 3421 quam
534 3357 633 3405 maxine
649 3355 732 3403 nocuit
748 3353 839 3402 bellum
855 3355 918 3401 inter
934 3353 1014 3401 1111111
1028 3363 1053 3402 et
1069 3354 1151 3421 Hispa·

252 3453 312 3498 nor,
336 3453 390 3484 cum
411 3454 521 3486 numeror
544 3439 639 3487 narium
661 3451 720 3503 quae
746 3453 760 3484 a
781 3435 873 3498 Gallia,
901 3451 939 3484 era
964 3435 1036 3486 vetita
1061 3439 1150 3488 vexisse

255 3519 418 3582 taumatibus,
446 3520 611 3586 capiebantur,
637 3537 697 3570 anno
728 3521 813 3582 mot,
838 3519 868 3568 ad
890 3521 942 3569 800
967 3532 1148 3588 computaretur.

255 3603 312 3654 11111
330 3617 400 3652 tusae
417 3603 470 3654 (1.1.
489 3605 514 3652 4.
534 3605 592 3654 144.

192 3689 229 3757 (81
246 3689 475 3738 trinumeri...
511 3686 613 3736 Verbood
629 3686 670 3737 het
688 3684 757 3736 1111111
774 3702 819 3735 van
836 3687 941 3737 vreeurde
960 3688 1059 3756 schepon
1077 3692 1103 3740 in
1120 3691 1148 3740 de

255 3771 365 3822 Frantche
384 3771 486 3835 harena,
504 3789 543 3820 mo
561 3771 616 3837 lang
635 3770 671 3819 ala
691 3769 720 3818 de
738 3769 871 3818 inlandsehe
890 3772 938 3820 oste
957 3772 1068 3821 anaehe
1084 3772 1148 3821 sche-

256 3875 300 3926 pen
316 3858 395 3907 bunne
413 3857 493 3926 lading
507 3857 555 3906 orie
569 3855 649 3906 rmrht
665 3856 714 3905 niet
725 3855 752 3904 in
765 3852 871 3904 hadden.
883 3891 904 3903 ..
922 3855 996 3919 aijnde
1011 3855 1079 3904 1111111
1093 3873 1149 3905 eene

254 3954 331 4010 groote
345 3941 513 4010 nieuwigheid,
534 3941 591 3993 ende
609 3950 644 3991 tot
661 3938 743 3992 11111111
759 3939 800 3989 der
817 3939 953 4004 veremigde
971 3937 1150 3992 Nederlandtehe

256 4030 398 4080 commercio.
