3106 5110
677 401 721 464 53

202 628 404 718 generalibus
426 627 476 694 vel
496 628 706 718 singularibus
731 626 935 717 (reglements
958 652 1119 718 generauit
1142 651 1186 696 ou

201 755 413 845 particuliers)
437 754 636 836 alterutrius,
653 753 707 818 sed
722 753 823 818 libere
838 752 1100 841 proficiscantur,
1126 777 1186 820 nec

192 878 358 967 ‘aliquide
378 901 459 944 nare
474 878 673 961 detineatur,
709 877 764 942 lite
792 876 877 942 inter
902 876 1045 966 Collegia
1070 880 1186 944 Archi·

199 1005 366 1072 thalassica
397 1020 508 1070 exorta
530 1004 592 1094 (t).
653 1004 869 1068 Observentur
890 1024 1100 1091 quaecunque
1120 1006 1185 1072 hoc

198 1146 296 1220 pacto
330 1131 504 1196 constituta
537 1130 621 1212 sint,
658 1151 719 1194 nec
749 1128 856 1192 obsint
888 1127 972 1218 leges
1001 1128 1185 1196 contrariae

198 1255 389 1322 nominatim
412 1255 485 1321 anni
514 1254 613 1335 1681,
641 1275 722 1340 quae
748 1254 935 1340 ceteroquin
962 1255 1030 1321 vim
1052 1253 1182 1320 habeat.

198 1381 358 1447 Mercium
373 1397 428 1447 aut
444 1403 463 1444 e
481 1378 573 1460 solo,
599 1392 652 1442 aut
674 1399 693 1441 e
712 1375 860 1460 fabricis,
880 1393 936 1444 aut
952 1402 970 1444 e
986 1380 1185 1446 commercio

199 1518 401 1584 exortarum,
418 1502 494 1568 inde
510 1526 528 1567 a
541 1502 647 1591 primo
664 1499 716 1566 dle
732 1501 895 1568 Februarii
907 1505 985 1568 anni
1000 1505 1182 1592 sequentis,

200 1627 323 1698 nullum
344 1628 429 1694 aliud
451 1627 597 1692 solvatur
622 1625 780 1716 vectigal,
804 1650 901 1716 quam
921 1626 1002 1693 illud
1017 1627 1104 1716 quod
1124 1652 1183 1719 per

198 1752 397 1818 matriculam
420 1767 519 1840 pacto
542 1749 751 1837 adjunctam,
767 1770 930 1843 statutum
953 1754 1028 1844 est(
1050 1754 1083 1844 l.

242 1876 359 1968 Magna
384 1877 448 1942 hoc
476 1899 516 1942 ex
538 1891 635 1965 pacto
650 1876 755 1966 Belgis
778 1879 951 1945 commoda
965 1895 1075 1945 exorta
1092 1895 1183 1960 sunt,

197 2005 241 2070 ita
264 2019 300 2068 ut
321 2001 517 2084 dolendum,
552 2001 638 2090 quod
665 2026 880 2093 perparvum
906 2019 1034 2068 tanturn
1060 2014 1186 2091 tempus

195 2130 262 2194 vim
283 2105 473 2196 exercuerit.
520 2130 611 2196 Bello
630 2131 717 2194 euim
734 2131 818 2194 inter
840 2127 976 2192 Galliam
993 2143 1026 2192 et
1047 2148 1185 2194 uentura
1223 2111 1226 2119 ’

197 2277 383 2320 ιιιιιιιειιιι
399 2256 600 2319 Austriacam
617 2269 709 2335 orto,
729 2253 845 2343 Belgae
855 2275 895 2317 ex
902 2250 1086 2318 foederibus
1100 2253 1186 2317 iuitis

196 2379 305 2469 copias
321 2379 449 2469 reginae
466 2378 617 2444 auxilium
633 2378 854 2468 miserunt(3),
872 2377 958 2467 quod
968 2377 1077 2444 Gallos
1091 2377 1182 2444 valde

196 2503 346 2588 offendit,
364 2505 553 2592 quibuscum
569 2515 734 2593 praeterea
748 2505 820 2570 lites
834 2520 964 2570 exortae
981 2520 1054 2570 sunt
1072 2502 1112 2569 de
1127 2527 1183 2570 na·

196 2633 290 2698 ribus
315 2633 356 2698 ab
377 2631 488 2721 Anglis
503 2631 538 2696 in
566 2628 655 2694 ludia
676 2629 779 2719 captis
806 2642 838 2692 et
862 2626 903 2690 ab
927 2626 965 2688 iis
994 2626 1028 2688 in
1052 2641 1182 2713 portum

195 2757 346 2823 Bataviae
374 2755 534 2838 advectis,
569 2777 606 2819 ac
636 2754 683 2820 ibi
707 2751 812 2842 Belgis
834 2747 989 2831 venditis,
1007 2770 1081 2813 cum
1097 2747 1181 2814 Galli

194 2903 303 2948 earum
318 2881 553 2948 restitutionem
567 2893 735 2970 rogarent,
752 2871 982 2942 contendentes
997 2897 1064 2940 non
1079 2874 1177 2940 licere

194 3031 235 3074 ex
248 3011 321 3074 Art.
346 3030 385 3074 ιο
401 3008 489 3098 pacti
505 3005 692 3073 commercii
711 3002 786 3070 anni
808 3001 891 3090 1739
911 3024 1005 3068 naves
1028 3001 1070 3066 ab
1084 3003 1177 3066 hoste

195 3133 351 3218 captatio
367 3149 465 3221 portu
481 3133 561 3198 socii
574 3131 737 3219 accipere3
752 3151 849 3216 quare
868 3130 1057 3214 quaestione
1071 3126 1112 3190 de
1128 3126 1174 3202 vi,

194 3279 289 3346 quarn
316 3271 445 3345 pactum
468 3258 501 3322 in
527 3255 620 3320 ludia
642 3264 822 3333 exerceret,
846 3266 953 3332 mota,
971 3273 1028 3317 rex
1052 3248 1177 3313 Galliae
1256 3256 1259 3262 '

193 3386 301 3449 omnin
312 3380 418 3471 Belgis
427 3403 484 3468 per
495 3391 628 3469 pactum
640 3379 715 3444 anni
734 3375 817 3465 1739
830 3373 997 3463 privilegia
1010 3393 1175 3456 concessa,

232 3692 267 3760 (ll
286 3691 334 3740 brt.
351 3692 387 3738 28
405 3698 429 3736 et
447 3687 481 3736 ²9
484 3719 555 3735 .....
573 3683 729 3732 al'orcasion
747 3680 787 3729 dea
811 3681 971 3729 contestatione
990 3681 1033 3746 qui
1052 3683 1185 3747 pourraient

285 3775 390 3824 anrvenlr
405 3779 470 3820 entre
487 3769 521 3819 lea
540 3766 640 3833 colliges
656 3765 696 3814 (lea
713 3766 843 3816 imitantes
859 3763 945 3812 ‹lesdits
960 3763 1083 3830 Scignenrr
1099 3752 1169 3812 Btatt.

230 3859 266 3925 (2)
283 3857 335 3907 tit.
354 3858 403 3906 Art.
422 3857 457 3904 44
474 3863 498 3902 et
517 3854 558 3901 ts.
579 3860 603 3899 et
621 3850 766 3900 matriculam
784 3851 857 3916 ipsam
873 3849 898 3897 iu
915 3848 955 3896 llr.
966 3846 1013 3894 l'le.
1034 3849 1061 3896 B.
1079 3849 1103 3895 ll.
1124 3849 1184 3907 tet,

286 3957 333 4005 qun
351 3941 421 3990 etiam
436 3937 534 4002 jubetur
548 3947 575 3985 nt
592 3952 657 3985 merx
673 3936 744 3986 semel
760 3934 886 4001 perquisita
903 3942 1004 3982 netarum
1022 3932 1052 3980 alt
1066 3932 1184 3982 immunia.

230 4023 265 4090 (8)
285 4023 335 4073 tit.
352 4036 440 4072 mum
457 4040 479 4072 n.
496 4023 512 4070 l.
535 4023 595 4072 4⁰³.
613 4032 637 4070 et
653 4033 781 4071 lateranen
799 4035 821 4066 o.
842 4017 859 4065 l.
879 4018 919 4064 lt.
938 4017 987 4064 tot
1006 4025 1029 4063 at
1047 4015 1105 4064 tta.
