3106 5110
875 453 919 517 20

412 708 480 750 non
506 685 547 749 sit
572 681 756 773 prohibita,
788 703 830 744 ne
859 694 967 744 tamen
994 677 1220 743 contrahentes
1248 678 1391 744 hostibus

413 809 549 875 aflerant
574 829 654 894 quae
679 805 720 870 ad
736 805 857 871 bellum
874 804 1079 894 pertineant,
1103 802 1156 868 vel
1179 803 1339 871 frumenta
1357 805 1392 870 in

412 933 503 998 locos
519 933 680 1015 absessus;
705 929 793 1019 quud
813 935 841 995 si
860 930 935 1014 liat,
960 953 1057 996 naves
1077 930 1200 995 abillis
1224 948 1394 996 arceantur

410 1073 444 1123 et
466 1057 685 1140 frumentum,
709 1058 816 1146 pretio
840 1056 966 1139 soluto,
991 1054 1136 1120 tradatur
1152 1055 1214 1145 (r).
1256 1057 1392 1147 Suspen-

410 1182 527 1248 dantur
552 1184 586 1247 in
611 1180 794 1270 quindecim
814 1204 930 1264 annos,
955 1180 1040 1270 leges
1066 1204 1224 1246 annorum
1254 1181 1339 1262 1554
1359 1196 1393 1248 et

415 1308 522 1390 1584,
554 1307 600 1372 ita
625 1322 662 1371 ut
687 1306 774 1372 navis
798 1306 902 1370 amica
927 1326 1008 1370 onus
1035 1327 1126 1369 suum
1157 1304 1294 1370 liberum
1316 1302 1391 1370 red·

410 1433 466 1499 dat
480 1432 540 1521 (2);
558 1456 600 1498 ne
612 1433 709 1497 insint
720 1432 884 1522 prohibita
895 1428 1167 1520 (contrabandes),
1181 1453 1261 1517 quae
1278 1454 1319 1497 ex
1334 1453 1390 1495 an·

408 1558 504 1647 tiquis
535 1558 656 1649 legibus
684 1558 905 1646 publicentur,
938 1579 1004 1621 non
1030 1579 1107 1621 vero
1131 1578 1226 1621 naves
1250 1578 1332 1644 quae
1353 1577 1392 1620 ea

408 1684 548 1764 vehant,
579 1683 626 1746 uti
655 1682 696 1747 ab
723 1682 786 1746 illis
808 1683 981 1768 jubebatur
994 1681 1062 1773 (3),
1089 1681 1190 1748 modo
1209 1682 1332 1747 litteras
1356 1681 1391 1746 in

410 1829 499 1873 mare
516 1830 583 1872 non
597 1805 748 1893 dejiciant
763 1805 815 1870 vel
832 1820 946 1871 contra
966 1827 1077 1895 regem
1097 1819 1251 1895 pugnent.
1295 1803 1392 1872 Prae·

410 1930 489 1996 lecti
512 1930 657 2011 navium,
688 1930 742 2018 qui
768 1930 932 2019 prohibita
956 1933 1167 2012 invenerunt,
1192 1953 1233 1996 ne
1248 1930 1392 2020 aperiant

411 2055 499 2122 dolia
513 2056 562 2122 vel
578 2057 687 2121 thecas
702 2054 845 2145 (coffres,
860 2056 982 2139 malles,
997 2056 1108 2140 balles,
1125 2056 1304 2147 buugcttes,
1323 2070 1392 2122 ton·

410 2205 515 2247 neaua
528 2205 569 2246 au
583 2198 688 2247 autres
706 2182 842 2271 caisses),
858 2181 909 2247 vel
927 2205 1050 2248 merces
1065 2182 1214 2266 alienent,
1231 2205 1312 2270 quae
1324 2197 1391 2248 tan·

411 2325 481 2374 tum
492 2308 586 2391 liant,
598 2330 707 2374 corant
725 2307 887 2395 judicibus
902 2308 1197 2393 Archithalassicia,
1212 2309 1393 2376 inventario

411 2431 518 2517 fact03
546 2456 607 2499 nec
636 2435 722 2498 bona
744 2433 923 2499 vendantur
948 2450 1003 2499 aut
1028 2451 1193 2520 emantur,
1223 2451 1394 2526 antequam

413 2557 555 2648 legitima
577 2558 697 2647 praeda
714 2557 838 2646 (bonne
858 2573 891 2623 et
906 2556 1034 2622 valable
1048 2558 1144 2648 prise)
1168 2559 1232 2624 sint
1251 2558 1392 2626 declara-

410 2701 460 2767 ta,
476 2709 541 2773 quo
560 2708 654 2769 casu,
669 2685 711 2769 ii,
728 2708 747 2750 a
765 2685 878 2773 quibus
894 2701 988 2775 capta
1002 2687 1082 2768 sint,
1100 2685 1318 2774 praeferantur
1329 2685 1390 2776 (4).

454 2811 506 2878 De
530 2811 646 2894 modo,
669 2834 733 2899 quo
756 2833 853 2875 naves
881 2810 1093 2875 mercatoriae
1118 2811 1158 2874 ab
1176 2809 1303 2875 armatis
1322 2835 1394 2901 per·

416 2937 635 3026 quirerentur,
659 2935 772 3001 eadem
799 2935 867 3001 fere
883 2936 1028 3018 ratione,
1053 2958 1091 3001 ac
1116 2937 1151 3000 in
1175 2935 1294 3020 Art,3
1319 2941 1394 3018 et4

412 3061 501 3153 pacti
521 3061 621 3145 1646,
645 3077 775 3127 cavetur
789 3060 851 3152 (5).

456 3187 589 3271 Hocce,
625 3185 713 3276 quod
743 3210 859 3278 magna
886 3211 947 3277 pru
976 3203 1067 3278 parte
1095 3211 1169 3254 cunr
1195 3204 1292 3278 pacto
1317 3187 1392 3252 anni

453 3583 465 3628 ι
495 3579 545 3629 Art.
563 3581 576 3629 1
593 3589 617 3628 et
633 3581 659 3628 a.

441 3579 478 3731 {23
496 3665 545 3712 Art.
562 3664 588 3712 3.
614 3663 648 3712 En
667 3671 726 3712 torte
746 3664 834 3731 quala
855 3663 910 3714 robe
932 3662 1050 3715 ‹l'ennemi
1067 3683 1097 3716 ne
1116 3667 1232 3736 confiaqne
1254 3667 1321 3734 point
1341 3666 1401 3717 cella

520 3764 533 3795 e
552 3746 570 3795 l’
610 3746 615 3759 ’

448 3830 484 3898 (3)
502 3746 652 3878 lllealiilunt
666 3830 806 3897 confiaqnees
819 3841 940 3896 pnrement
949 3832 1144 3899 etaimpleraent,
1159 3850 1211 3885 tant
1223 3850 1270 3902 que
1280 3833 1402 3884 lesantrea

502 3911 672 3962 marchandiaea
687 3916 714 3964 ni
733 3915 755 3963 le
771 3916 874 3965 vaisseau
890 3915 913 3965 le
930 3917 1034 3984 pultaent
1052 3919 1108 3968 etre.

439 3995 475 4062 (4)
488 3998 538 4046 Art.
555 3998 612 4045 let
628 3999 655 4046 6.

438 4079 474 4148 (δ)
492 4083 540 4128 Art.
559 4081 585 4129 6.
603 4083 627 4130 7.
645 4082 672 4130 8.
