3106 5110
856 370 879 433 2

379 590 522 682 plurimis
553 587 645 654 bellis
676 607 783 651 ansam
812 585 1051 673 praebuerunt,
1086 609 1259 676 numquam
1290 565 1376 657 fere·

378 714 580 805 compositis,
604 711 664 776 nisi
684 710 725 775 de
745 726 925 774 mercatura
942 725 1024 777 esset
1045 728 1184 780 cautum.
1232 715 1269 779 In
1292 737 1360 782 me·

377 807 513 903 morium
528 857 716 901 revocemus
735 857 789 916 ea,
809 855 890 920 quae
907 856 980 898 cum
996 836 1126 900 urbibus
1143 837 1361 925 Hensesticis‚

377 985 452 1027 cum
469 961 579 1050 Anglis
595 958 636 1023 de
655 959 750 1022 maris
766 957 904 1045 imperio
920 974 1008 1046 gesta
1023 971 1114 1042 sunt,
1140 983 1239 1049 quum
1257 965 1362 1030 omnis

377 1085 459 1150 sulus
470 1086 505 1150 in
518 1083 617 1149 classe
630 1081 798 1146 constabat
808 1097 840 1145 et
852 1081 999 1170 ingentes
1009 1083 1137 1151 iabores
1151 1087 1264 1152 intenti
1276 1104 1361 1172 sunt,

379 1223 414 1275 ut
434 1207 515 1274 illud
535 1206 706 1297 imperium
727 1204 945 1270 vindicaretur
961 1222 995 1271 et
1011 1209 1118 1273 vexilli
1133 1211 1241 1276 honor
1255 1235 1360 1279 serva-

380 1351 480 1401 retur.

424 1456 681 1523 Fundamentum
704 1456 819 1545 igitur,
848 1476 912 1542 quo
935 1455 1070 1520 civitatis
1085 1457 1238 1546 splendor
1251 1459 1362 1550 impri-

381 1585 441 1650 mis
456 1582 633 1663 nitebatur,
650 1580 769 1669 inipso
786 1594 963 1644 mercatura
980 1579 1195 1668 quaerendum
1214 1604 1288 1645 cum
1301 1583 1359 1664 sit,

379 1731 439 1798 per
453 1707 553 1772 varias
569 1705 722 1792 temporis
735 1702 928 1767 mutationes
942 1706 1009 1789 ejus
1021 1705 1176 1794 originem
1193 1703 1361 1795 indagare,

379 1850 563 1919 progressus
582 1826 744 1915 persequi,
766 1823 900 1889 effectus
921 1824 1031 1891 videre
1050 1828 1181 1890 maximi
1197 1850 1272 1892 sane
1289 1850 1360 1893 nro·

380 1952 480 2020 utenti
494 1973 562 2015 esse
577 1972 673 2014 nemo
687 1948 809 2013 inficias
824 1949 901 2031 ibit3
916 1948 1014 2014 docet
1028 1950 1114 2014 enim
1130 1952 1269 2018 rationes
1283 1976 1360 2042 psc-

381 2093 488 2142 torum
499 2100 572 2142 cum
582 2075 696 2141 exteris
706 2074 863 2164 gentibus,
875 2073 1032 2138 bellorum
1045 2076 1233 2164 praecipuus
1242 2099 1361 2162 causas,

380 2219 414 2269 ct
434 2203 556 2291 optima
577 2216 625 2267 est
640 2199 703 2265 dux
718 2200 752 2264 in
768 2197 902 2262 historia
918 2196 1159 2286 cognoscends3
1177 2197 1263 2264 unde
1281 2222 1356 2289 opus

379 2325 528 2415 proiecto
540 2324 739 2388 utilissimum
755 2333 852 2405 esset,
866 2322 976 2387 omnis
991 2345 1189 2406 enumerare,
1205 2347 1285 2412 quse
1296 2326 1354 2392 hac

380 2449 422 2516 de
447 2473 483 2515 re
502 2472 576 2514 eum
597 2448 666 2514 aliis
685 2463 773 2537 gesta
793 2447 877 2528 sint,
904 2468 1047 2535 quaeque
1063 2468 1178 2536 magna
1192 2471 1252 2536 pro
1268 2464 1361 2538 purte

381 2578 415 2642 in
435 2577 511 2666 ipsis
532 2574 719 2640 commercii
737 2588 771 2638 et
789 2572 999 2662 navigationis
1020 2572 1120 2662 pactis
1142 2574 1358 2640 continentur.

382 2702 446 2766 Hie
470 2722 548 2765 vero
575 2721 706 2787 campus
729 2697 795 2763 late
819 2713 962 2786 pateret,
990 2698 1024 2761 in
1050 2721 1115 2784 quo
1143 2699 1361 2788 percurrendo

382 2824 474 2890 multi
492 2824 546 2888 rix
563 2823 637 2887 anni
653 2821 852 2904 sufficerent3
874 2843 993 2908 quare,
1014 2832 1138 2887 comet
1154 2822 1361 2892 mihidisser·

383 2945 591 3015 tatiunculsm
613 2946 836 3033 conscripturo
858 2943 922 3010 tale
946 2960 1167 3034 argumentum
1187 2956 1221 3012 et
1234 2963 1361 3038 gratum

384 3089 417 3140 et
436 3072 515 3138 utile
534 3072 636 3137 visum
656 3070 712 3153 sit,
734 3068 775 3134 de
793 3085 884 3160 perte
899 3085 1023 3136 tantum
1038 3095 1132 3162 egere
1147 3073 1226 3138 mihi
1242 3097 1362 3164 propo·

384 3199 450 3283 sui,
473 3212 584 3285 atque,
611 3195 799 3262 commercii
822 3210 918 3285 pacto
940 3197 1124 3286 nuperrime
1157 3219 1231 3263 cum
1263 3199 1364 3266 Gallis

382 3325 482 3407 inito,
505 3345 570 3387 uon
592 3321 648 3388 aus
671 3344 706 3386 re
728 3320 804 3385 duxi
825 3322 920 3388 etism
940 3323 974 3386 in
989 3322 1118 3410 antique
1132 3324 1224 3410 hujus
1239 3324 1365 3414 generis

384 3449 512 3514 vincula
531 3471 570 3514 eo
587 3471 660 3514 curn
677 3446 800 3536 populo
814 3462 980 3513 contracta
996 3448 1156 3536 inquirere
1167 3448 1226 3538 (r).
1249 3449 1286 3515 In
1300 3471 1363 3536 qus

413 3803 448 3872 (l)
474 3805 506 3854 De
522 3802 653 3854 foederibus
667 3805 729 3854 inter
742 3803 849 3870 Angliun
864 3813 888 3854 et
900 3805 1001 3856 callim
1015 3807 1100 3858 seculis
1112 3821 1164 3858 nvn
1177 3821 1201 3859 et
1214 3824 1275 3860 rrnr
1288 3810 1370 3874 initis,

474 3890 589 3956 egregium
615 3887 794 3953 disputationem
819 3890 910 3956 scripsit
926 3891 991 3940 Doct.
1008 3905 1030 3940 s.
1046 3905 1068 3941 lt.
1085 3905 1132 3941 vsu
1145 3907 1203 3943 rutt
1218 3908 1264 3944 vsu
1280 3908 1369 3943 suoue-

472 3985 574 4021 rrum.
600 3972 657 4038 Hrg.
676 3971 738 4020 Com.
759 3972 833 4020 18⁸0.
