3106 5110
227 657 347 721 onustis
363 658 429 745 (1),
454 655 539 744 quod
552 656 645 722 valde
661 658 783 747 Angloa
800 656 956 743 offendit,
974 661 1027 747 qui
1044 677 1209 751 praeterea

224 807 290 848 non
321 783 517 848 desistebant
546 784 587 846 ab
616 784 733 848 auxilio
764 801 876 850 contra
901 786 1011 852 Gallos
1044 788 1207 879 rogando,

225 910 311 999 quod
330 933 408 976 curn
420 911 538 1001 Belgae
554 927 767 1000 negaverant,
788 912 923 980 solemni
944 912 1061 982 Edicto
1078 917 1209 1004 antiqua

224 1037 357 1104 foedera
382 1038 570 1127 praesertim
587 1039 662 1102 anni
690 1039 774 1128 1780
791 1055 1024 1107 revocaverunt
1041 1041 1210 1108 1111Βεί-

227 1186 337 1253 garum
354 1168 427 1250 jura
445 1162 573 1251 quodad
595 1164 833 1254 navigationem
857 1167 889 1229 'et
910 1175 1123 1230 mercaturam
1143 1188 1210 1231 non

228 1290 363 1378 amplius
395 1291 560 1380 agnituros
591 1289 857 1372 declaraverunt,
891 1312 966 1354 curn
997 1312 1015 1354 e
1047 1290 1210 1356 contrario

226 1415 309 1480 Galli
336 1415 441 1480 edicta
466 1416 679 1504 prohibitoria
701 1416 774 1478 anni
799 1413 1019 1503 praecedentis
1038 1437 1210 1480 revocave-

227 1540 303 1605 rint.
349 1540 398 1604 Ex
411 1541 685 1628 quihusomnibus
699 1541 819 1606 bellum
832 1563 906 1607 cum
923 1541 1031 1630 Anglis
1042 1542 1210 1608 imminere

227 1663 411 1750 videbatur3
433 1665 520 1755 quod
542 1677 577 1729 ut
593 1680 773 1731 averterent
788 1665 904 1756 Belgae
919 1689 987 1731 sese
1004 1666 1209 1734 Neutralitati

226 1807 384 1874 armatae,
400 1815 497 1880 quarn
509 1794 685 1858 Bassorum
694 1793 882 1881 Imperatrix
897 1792 1074 1875 obtulerat,
1084 1814 1210 1880 quaque

224 1915 308 1982 inter
323 1940 356 1981 se
372 1918 482 1999 Bussi,
507 1919 611 1999 Dani,
630 1917 722 1981 Sueei
741 1916 789 2004 (a)
808 1932 1024 1982 convenerant
1042 1915 1082 1981 de
1100 1916 1209 2006 regula

223 2039 401 2106 servanda:
441 2041 575 2106 sLibera
601 2041 707 2121 navis,
736 2040 852 2104 Libera
867 2061 958 2105 merx
967 2039 996 2119 ,'’
1023 2039 1138 2106 frastra
1152 2038 1210 2104 ad·

221 2167 355 2251 jungere
381 2165 600 2246 conabantur,
624 2163 712 2228 hello
736 2160 788 2226 die
809 2184 853 2226 ao
875 2163 1210 2251 Ποο.11111781111

226 2288 336 2376 Anglis
353 2287 517 2353 declarato
526 2289 586 2376 (3),
604 2309 696 2353 causa
713 2287 829 2369 allata,
846 2284 933 2375 quod
947 2286 1063 2376 Belgae
1078 2287 1211 2374 foedam

225 2411 435 2479 dissolverant
456 2413 580 2478 nullum
593 2413 745 2480 auxilium
761 2426 879 2476 contra
891 2409 1001 2478 Gallos
1015 2427 1210 2500 praestantm

225 2557 258 2605 et
283 2541 344 2629 ipsi
361 2563 436 2606 eum
452 2541 652 2606 Americanis
665 2538 779 2604 foedus
795 2539 878 2603 inire
889 2535 1093 2625 studuerant,
1120 2543 1209 2626 eujus

226 2667 350 2754 privata
368 2666 501 2732 consilia
517 2681 550 2730 et
567 2665 692 2731 litterae
706 2666 791 2730 inter
806 2677 1019 2728 mercatorem
1036 2662 1208 2750 quemdam

224 2807 258 2857 et
274 2782 439 2856 Presidem
455 2791 700 2872 Americanum,
722 2811 798 2855 casu
816 2787 950 2854 fortuito
974 2787 1008 2851 in
1029 2787 1209 2876 Anglorum

218 2928 419 3005 ‘potestatem
450 2914 631 2982 inciderant
653 2914 715 3004 (4).
736 2957 777 2968 --
793 2915 824 2978 A
847 2937 904 3002 spe
920 2912 1209 2980 seseNeutralitati

223 3059 368 3108 armatae
398 3041 593 3132 adjungendi
622 3039 785 3123 destituti,
815 3039 930 3130 Belgae
963 3038 1005 3104 ad
1032 3038 1142 3108 Gallos
1174 3063 1209 3106 se

227 3171 459 3234 convertebant
474 3185 506 3234 et
520 3191 593 3234 cum
609 3167 671 3232 illis
687 3165 740 3232 die
760 3191 774 3231 1
793 3166 869 3252 Maji
883 3167 957 3231 anui
978 3168 1059 3255 1781
1078 3181 1207 3256 pactum

223 3291 266 3360 de
282 3294 414 3358 navibus
432 3295 474 3359 ab
487 3295 580 3360 hoste
595 3293 790 3382 recuperatis
805 3291 955 3358 inierunt.

228 3548 559 3563 m

258 3724 294 3792 (l)
313 3725 369 3774 tide
389 3725 445 3774 Ned.
466 3723 545 3774 taath.
563 3728 619 3774 anni
636 3725 711 3775 1779.
731 3726 798 3773 1853
817 3735 842 3774 et
858 3727 933 3774 1780.
955 3727 1014 3772 438.
1034 3724 1084 3772 597
1103 3737 1151 3787 sqq.

258 3808 294 3876 (2)
312 3810 373 3858 Huic
391 3809 537 3858 neutralitati
561 3819 660 3858 armatae
683 3812 753 3859 etiam
773 3827 796 3858 se
816 3819 893 3876 postea
913 3810 1020 3868 Borma,
1047 3807 1162 3854 dustriaci
1188 3815 1210 3852 et

311 3895 416 3944 Lusitani
433 3894 598 3957 adjunxerunt.

164 3973 170 3982 ⁵
257 3977 293 4043 (8)
311 3979 406 4028 fluam
422 3999 444 4028 ο.
463 3980 480 4029 1.
500 3983 527 4030 2.
545 3981 597 4030 609
618 3990 642 4028 et
660 3981 720 4030 610.

256 4061 292 4127 (4)
311 4063 384 4112 llam
404 4067 427 4112 1.
446 4065 506 4112 271.
