3106 5110
702 420 745 487 29

237 644 271 708 in
286 644 377 710 locos
393 645 535 710 obsessos
553 643 620 732 (r);
650 667 766 732 qnare,
796 645 822 706 si
839 665 931 708 naves
958 643 1102 710 Gallicae
1118 667 1218 711 onera

237 792 293 834 sua
329 771 414 836 hosti
448 769 643 836 advehentes
680 771 713 834 in
743 785 872 858 portum
902 769 1003 859 Belgii
1034 770 1217 860 appellant,

236 911 415 961 monstrent
437 911 470 961 et
487 894 658 961 ostendant
679 895 801 960 litteras
821 894 899 960 salvi
923 911 1119 960 commeatus
1136 895 1229 983 (pasr

235 1019 391 1110 seposta),
418 1043 500 1109 quae
524 1022 711 1088 contineant
728 1019 805 1108 quid
830 1021 966 1103 vehant,
988 1018 1074 1086 unde
1099 1036 1132 1085 et
1154 1042 1219 1108 quo

238 1145 497 1236 proficiscantur,
519 1148 658 1236 signatas
673 1145 778 1234 sigillo
799 1144 963 1210 ordinario
981 1160 1014 1210 et
1038 1144 1219 1234 recognitas

238 1292 257 1335 a
270 1270 440 1338 Praefecto
452 1272 587 1362 Collegii
599 1267 859 1334 Arcbithalassici
876 1267 962 1351 loci,
981 1267 1067 1333 unde
1078 1270 1220 1365 primunr

237 1412 411 1479 venerunt,
435 1397 485 1460 sin
500 1416 578 1460 vero
594 1393 724 1458 veniant
738 1392 772 1457 in
793 1393 940 1483 regiones
957 1392 1062 1482 Belgis
1079 1393 1222 1460 subditas

240 1536 275 1585 et
289 1520 394 1585 nolint
408 1523 528 1586 intrare
544 1520 578 1584 in
594 1535 724 1609 portum
746 1519 797 1584 vel
814 1518 977 1609 deponere
992 1543 1131 1604 merces,
1154 1544 1221 1587 non

239 1668 369 1710 necesse
382 1647 422 1710 sit
434 1644 475 1711 de
489 1669 590 1712 onere
605 1647 764 1732 rationem
780 1645 935 1729 reddere,
951 1647 1010 1726 nisi
1026 1649 1221 1736 praesumtio

237 1767 332 1852 adsit,
353 1791 407 1834 eas
422 1792 544 1835 merces
559 1771 675 1834 vehere
690 1770 820 1852 vetitas3
845 1792 910 1857 quo
925 1792 1016 1847 casu,
1036 1769 1158 1837 litteras
1172 1794 1222 1836 os-

242 1892 393 1978 tendant,
414 1909 448 1960 et
465 1895 491 1959 si
508 1894 588 1959 mari
607 1893 674 1959 alto
691 1891 747 1981 (en
765 1893 874 1983 pleine
896 1892 996 1982 nter),
1013 1894 1077 1960 illis
1092 1895 1221 1962 obviam

237 2019 365 2084 veniant
397 2042 492 2084 naves
521 2035 684 2103 armatae,
718 2019 848 2084 mittant
878 2020 957 2101 hae,
990 2041 1058 2085 non
1087 2023 1221 2111 propius

237 2166 333 2232 quarn
357 2141 398 2207 ad
417 2145 540 2228 jactum
567 2141 720 2206 tormenti
744 2141 854 2206 bellici
879 2140 1007 2229 (portde
1031 2139 1076 2206 du
1100 2144 1219 2234 canon)

239 2265 445 2346 accedentes,
473 2263 592 2328 scalam
618 2286 693 2328 curn
722 2265 822 2328 tribus
849 2265 943 2348 viris,
975 2265 1031 2353 qui
1052 2265 1221 2355 explorent

237 2410 270 2460 et
291 2393 395 2459 visant
421 2390 543 2455 litteras
566 2389 742 2454 maritimas
763 2405 796 2454 et
813 2389 892 2455 salvi
917 2401 1114 2456 commeatus
1139 2389 1220 2481 (pas-

236 2527 361 2607 seports
377 2530 409 2579 et
421 2514 531 2579 lettres
545 2511 586 2577 de
605 2513 702 2602 mer),
723 2537 763 2578 ex
779 2515 894 2603 quibus
910 2515 951 2581 de
965 2540 1064 2583 onere
1081 2534 1114 2582 et
1122 2517 1219 2584 Prae-

237 2643 326 2709 fecto
347 2639 435 2706 navis
463 2653 635 2728 appareat,
660 2639 836 2727 quibusque
857 2639 936 2705 fides
955 2645 996 2705 sit
1023 2639 1219 2726 adhibenda,

238 2766 378 2835 formula
394 2781 508 2854 postea
525 2762 646 2847 danda,
667 2761 706 2828 ad
724 2763 872 2830 fraudem
892 2763 1149 2854 impediendam,
1166 2789 1218 2832 res

237 2893 354 2959 vetitae
380 2891 445 2956 boc
467 2888 568 2956 modo
593 2906 740 2979 repertae
765 2907 995 2974 exonerentur,
1022 2890 1218 2961 denuncien-

235 3034 289 3082 tur
310 3032 343 3082 et
364 3016 570 3106 publicentur
595 3015 818 3107 (dechargdes,
842 3015 1024 3084 denoncdes
1044 3034 1078 3084 et
1100 3021 1216 3088 confis-

238 3142 360 3231 qudes),
376 3164 487 3209 coram
499 3140 661 3229 judicibus
676 3141 969 3225 Archithalassicis,
984 3143 1071 3208 salva
1089 3167 1168 3212 nave
1184 3163 1218 3212 et

272 3533 308 3601 (ll
326 3533 360 3582 Ne
377 3540 455 3582 serant
476 3531 575 3598 compris
592 3529 648 3580 dans
666 3545 691 3578 ce
710 3545 780 3597 genre
800 3528 829 3579 de
850 3527 1031 3593 mardrndbes,
1051 3529 1085 3580 les
1106 3531 1222 3597 frontem,

329 3617 381 3668 bles
395 3626 419 3666 et
433 3624 511 3666 autres
525 3616 616 3682 gadas,
629 3614 747 3682 ligones,
764 3613 858 3675 halles,
872 3614 937 3675 vias,
950 3612 998 3676 sel,
1014 3615 1040 3664 ni
1052 3616 1223 3682 generalement

328 3712 381 3752 tout
397 3717 423 3750 ce
441 3702 484 3767 qui
502 3699 634 3767 appartient
653 3702 666 3748 sl
686 3699 710 3748 la
724 3700 857 3749 nonniture
876 3709 900 3748 et
918 3702 1071 3750 smtenution
1085 3699 1114 3751 de
1132 3701 1156 3750 la
1169 3703 1221 3764 vie,

326 3788 385 3836 mais
394 3785 554 3835 demearemnt
564 3783 635 3834 libret
651 3801 737 3836 marnae
753 3794 832 3833 autres
844 3783 1015 3834 marchandises
1027 3795 1051 3834 et
1064 3783 1160 3835 tentes
1175 3803 1223 3836 non

327 3873 450 3937 comprises
467 3887 497 3919 en
512 3869 611 3919 l’article
633 3869 770 3939 precedent:
788 3879 812 3918 et
833 3875 863 3918 en
879 3886 929 3918 sera
947 3869 970 3918 le
989 3879 1103 3935 transport
1119 3873 1220 3936 permis,

331 3957 403 4003 meme
422 3965 469 4004 sax
486 3954 551 4003 lieux
569 3955 672 4003 enacmin
686 3953 773 4002 desdits
791 3952 916 4020 Seignenrs
931 3939 1005 4014 litata,
1022 3953 1079 4002 saus
1090 3969 1136 4003 anx
1152 3955 1220 4006 villos

319 4051 350 4108 'et
364 4041 440 4107 places
457 4041 567 4108 assidgdes
587 4039 710 4107 bloqaees,
729 4056 760 4088 oa
777 4039 892 4087 investiet.
928 4040 977 4087 Art.
994 4040 1037 4088 29.
