3106 5110
249 623 375 688 Foedus
396 619 495 705 illud,
519 619 608 709 quod
631 641 741 686 revera
757 635 887 710 pactum
905 623 1099 688 maritimum
1115 622 1179 688 dici

203 750 323 837 nequit,
337 749 452 838 probat
463 746 603 833 Majores
611 761 736 810 nostros
743 768 899 812 summam
908 745 1099 836 impendisse
1105 769 1182 837 ope-

202 897 282 956 ram,
291 889 326 936 ut
339 872 471 938 liberam
485 873 518 936 in
530 871 666 936 Galliam
679 888 891 938 mercaturam
902 871 1066 955 baberent,
1080 894 1179 960 quum

199 1014 366 1089 praeterea
377 1000 409 1064 in
423 1021 480 1081 eo,
498 998 623 1063 futurae
634 1021 708 1062 cum
725 997 824 1062 Gallis
840 999 980 1063 rationes
992 999 1180 1062 commercii

199 1126 356 1214 imprimis
377 1125 531 1188 nituntur.
577 1123 641 1187 Per
660 1121 740 1186 illud
762 1124 847 1187 enim
865 1121 978 1188 eadem
999 1123 1122 1212 Belgis,
1143 1145 1181 1186 ac

199 1251 274 1339 ipsis
296 1249 453 1339 indigenis
473 1249 639 1340 privilegia
660 1246 894 1330 conceduntur,
922 1245 1008 1335 quod
1034 1268 1182 1312 commo·

200 1374 276 1440 dum
286 1398 398 1441 revera
407 1375 609 1438 utilissimum
618 1388 730 1461 postea
741 1374 923 1462 impetrare,
935 1375 1051 1463 Belgae
1062 1374 1179 1438 frustra

202 1503 309 1565 conati
325 1510 414 1582 sunt,
432 1522 505 1564 cum
519 1497 606 1562 Galli
620 1474 697 1586 ipsi,
718 1508 870 1586 quantum
886 1498 1011 1563 lucrum
1026 1497 1102 1564 inde
1116 1500 1180 1562 ori-

201 1641 308 1708 retur,
332 1625 561 1715 intelligerent,
575 1639 607 1688 et
628 1625 794 1713 vectigalia
808 1625 1028 1714 imponerent,
1043 1622 1083 1689 ed
1100 1646 1180 1711 quae

197 1749 342 1815 tollenda
370 1771 610 1837 nonnumquam
633 1749 755 1813 irritam
780 1772 913 1838 operam
934 1749 1092 1815 dederunt
1107 1750 1181 1815 Bel-

196 1897 268 1966 gae.
292 1910 335 1926 -
357 1875 441 1939 Nam
469 1872 503 1937 id
525 1873 585 1937 sibi
606 1873 745 1958 Majores
768 1875 869 1937 nostri
888 1896 1015 1963 semper
1029 1875 1179 1964 proposi·

197 2015 264 2063 tum
285 1999 483 2080 habuerunt,
507 2019 548 2061 ne
568 1996 668 2085 magis
687 2008 912 2080 onerarentur,
930 2019 1026 2085 quam
1040 1998 1179 2088 populus

196 2147 334 2214 quocum
358 2123 610 2204 contrahebant,
635 2137 670 2185 ut
696 2122 760 2186 boc
783 2121 883 2186 modo
899 2145 955 2188 eos
970 2143 1174 2213 superarent,

197 2251 251 2337 qui
273 2272 335 2314 nec
359 2263 449 2312 tanto
466 2247 594 2311 navium
612 2268 748 2310 numero
761 2247 948 2330 utebantur,
964 2271 1024 2312 neo
1041 2247 1177 2315 eandem

169 2374 394 2484 “diligentiam
428 2368 643 2454 adhibebant,
675 2368 762 2457 quod
795 2372 951 2460 imprimis
978 2395 1052 2438 oum
1078 2373 1177 2438 Gallis

198 2502 354 2583 obtinuit,
376 2499 491 2588 quibus
511 2499 573 2562 suis
589 2497 722 2562 navibus
739 2497 853 2562 melius
875 2497 1047 2584 ordinatis,
1066 2503 1177 2591 ingen·

196 2645 263 2692 tem
297 2627 452 2691 mercium
485 2624 612 2713 copiam
644 2621 818 2686 attulerunt
849 2632 880 2686 et
908 2624 941 2687 in
970 2626 1034 2688 hoo
1060 2648 1186 2714 genere

198 2749 407 2838 navigationis
422 2746 607 2835 praesertim
623 2743 898 2833 praecelluerunt,
920 2766 984 2832 quo
999 2746 1039 2810 ab
1057 2769 1123 2811 uno
1136 2748 1176 2812 ad

198 2877 331 2942 alterum
354 2874 494 2963 regionis
518 2886 649 2960 portum
677 2892 799 2934 merces
825 2871 985 2935 vehebant
1000 2869 1058 2959 (t).
1101 2871 1175 2937 Non

288 3079 343 3125 enm
363 3076 444 3138 1700,
463 3091 516 3122 cum
531 3073 623 3122 tandem
640 3084 744 3140 separato
762 3086 846 3140 pacto,
865 3074 902 3123 die
912 3080 946 3125 23
957 3077 1018 3126 tutti
1028 3079 1085 3127 enni
1096 3082 1180 3142 1773,

289 3160 364 3208 adhuc
375 3157 510 3224 abrogatum
524 3167 559 3204 est
572 3166 595 3204 ct
611 3169 689 3222 postea
700 3159 737 3206 die
750 3161 766 3206 0
778 3161 838 3226 Aug.
853 3161 909 3209 anni
921 3163 985 3211 1700
996 3173 1018 3209 et
1028 3163 1106 3212 (11031
1119 3166 1179 3230 lug.

288 3246 343 3292 anni
363 3245 426 3293 1701
444 3240 473 3291 ab
488 3243 546 3306 ipsis
564 3241 903 3306 autumationum,
921 3245 961 3294 sed
979 3264 1021 3313 per
1037 3263 1122 3296 novum
1140 3250 1181 3296 Co-

288 3327 362 3376 dicem
374 3328 565 3394 Napoleonticurb
580 3325 745 3392 quodammodo
757 3329 891 3376 restitutum
907 3329 954 3376 Art.
971 3333 1017 3389 11,
1031 3345 1078 3395 quo
1090 3340 1180 3378 tentum

288 3431 341 3480 erga
356 3412 409 3460 illos
423 3413 521 3478 populos
539 3429 585 3458 non
598 3419 758 3470 exerceretur,
776 3413 818 3474 qui
834 3411 881 3475 ipsi
897 3409 974 3475 quoad
994 3411 1073 3459 Gallos
1090 3429 1118 3461 eo
1134 3431 1181 3462 non

287 3505 417 3546 uterentur.
453 3495 564 3555 Breviter,
581 3492 704 3554 hocloco,
725 3491 753 3540 tle
769 3492 824 3555 jure
839 3492 882 3542 illo
901 3491 1067 3556 animadverti,
1084 3498 1141 3564 quia
1154 3498 1180 3547 iu

288 3592 404 3648 posterum
412 3578 440 3627 de
452 3597 479 3627 eo
489 3579 578 3628 nullam
594 3579 734 3626 mentionem
750 3578 841 3641 faciam,
855 3579 943 3645 quippe
952 3581 1031 3646 potius
1044 3583 1086 3645 jus
1100 3584 1178 3647 civile,

285 3684 354 3735 quam
380 3675 448 3733 pacta
470 3663 602 3712 commercii
627 3674 650 3711 et
676 3663 828 3730 navigationis
850 3673 969 3728 spectonu
995 3665 1046 3714 tid.
1072 3647 1100 3715 tle
1123 3669 1179 3731 jure

286 3752 329 3802 illo
348 3751 402 3800 dist.
419 3751 484 3798 noct.
505 3767 529 3800 t.
553 3763 578 3798 tt.
593 3763 623 3796 ttt
640 3761 752 3796 ttottmte
773 3746 809 3796 ed.
825 3747 899 3814 Lugd.
919 3750 969 3800 liat.
991 3751 1066 3798 1836.
1082 3777 1117 3788 -
1135 3751 1179 3800 nbi

285 3838 338 3900 ejus
360 3835 455 3885 historia
478 3844 501 3882 et
522 3833 563 3897 jus
582 3835 660 3899 ipsum
683 3831 806 3882 Albinttus
821 3832 881 3881 clarc
897 3833 1035 3899 explicatur.
1060 3834 1095 3882 Cf.
1108 3835 1177 3884 etiam

285 3935 356 3970 utun
372 3921 431 3970 llist.
450 3918 512 3968 foed.
528 3922 554 3967 Β.
570 3919 629 3968 tta.

224 4005 258 4067 ll)
277 4006 324 4054 llac
343 4005 370 4054 de
390 4023 413 4053 re
428 4003 481 4054 vide
498 4017 567 4051 tusto
583 4001 645 4050 lloll.
663 4001 740 4066 llijkd.
762 4005 785 4050 1.
804 4002 863 4051 300.
880 4009 903 4048 et
920 4002 945 4049 3.
962 4001 1021 4050 350.
