3106 5110
835 379 880 442 26

361 634 433 677 cem
447 623 610 701 praestent
624 607 673 697 (ι)
689 607 914 672 contrahentes
930 611 1074 674 omnium
1088 609 1255 680 foederum
1269 637 1343 680 cum

360 736 429 802 aliis
445 735 571 826 populis
587 734 739 798 initorum
748 731 814 820 (α),
837 755 898 797 nec
918 732 996 799 fiant
1011 733 1178 818 induciae,
1203 738 1262 801 nisi
1278 761 1345 804 am·

357 860 462 926 bobus
474 858 756 941 consentientibus,
771 880 831 922 nec
841 880 905 948 pax
920 858 988 923 sine
1003 860 1181 926 inclusione
1197 863 1342 948 alterius,

358 985 447 1050 acsi
472 984 543 1048 lites
567 985 651 1047 inter
674 984 761 1071 ipsos
784 985 890 1048 socios
915 985 1077 1067 oriantur,
1109 1007 1344 1076 componantur
1439 989 1444 1000 ’

356 1132 452 1198 quam
481 1108 669 1190 celerrime,
696 1109 746 1172 sin
773 1130 851 1172 vero
880 1109 1021 1193 bellum,
1055 1109 1148 1176 detur
1172 1135 1264 1178 mora
1288 1138 1343 1180 sex

355 1236 528 1318 mensium,
543 1236 626 1299 inter
640 1258 716 1323 quas
731 1236 817 1300 bona
830 1251 861 1300 et
875 1259 1009 1320 merces,
1026 1239 1126 1322 cives,
1138 1240 1229 1305 nullo
1244 1241 1342 1332 impe·

354 1359 499 1426 dimento
515 1360 629 1438 allato,
655 1357 796 1426 vendant
811 1359 863 1425 vel
881 1375 1098 1450 transportem
1113 1360 1175 1452 (3).

398 1485 497 1569 Quod
518 1485 558 1550 ad
582 1485 817 1576 navigationem
839 1501 872 1550 et
893 1501 1107 1550 mercaturam
1126 1496 1271 1577 tempore
1286 1512 1341 1578 pa·

354 1617 416 1680 cis:
449 1613 545 1679 Nulla
568 1614 609 1678 sit
630 1615 714 1678 inter
735 1612 927 1706 stipulantes
957 1612 1115 1678 hostilitas
1139 1614 1192 1680 vel
1214 1616 1339 1705 privata

352 1743 480 1809 navium
502 1752 645 1830 captura.
692 1740 831 1804 Litterae
850 1738 1096 1828 represallorum
1116 1756 1210 1805 antea
1223 1740 1335 1826 datae,

351 1865 458 1931 nullae
480 1867 543 1930 sint
564 1865 672 1931 necin
689 1880 853 1956 posterum
875 1862 1004 1948 dentur,
1021 1865 1081 1928 nisi
1100 1864 1171 1931 solo
1189 1890 1263 1932 casu
1279 1867 1336 1934 de-

351 2005 484 2080 negatae
504 1989 663 2075 justitiae‚
691 1986 731 2053 de
762 2011 824 2076 qua
847 1989 933 2078 prius
955 2001 1107 2079 appareat
1124 1990 1181 2082 (4).
1222 1992 1337 2083 Neque

350 2118 434 2182 cives
449 2116 501 2183 vel
514 2113 633 2181 subditi
649 2115 880 2180 conveniantur
893 2138 953 2204 pro
968 2114 1084 2181 debitis
1098 2119 1235 2207 publicis
1249 2119 1310 2210 (5).

393 2243 510 2310 Libera
531 2243 572 2307 sit
594 2241 753 2330 navigatio
775 2255 808 2306 et
831 2256 1011 2307 mercatura
1030 2263 1089 2330 per
1109 2258 1210 2308 totam
1229 2246 1332 2310 Euro-

348 2391 423 2458 pam
441 2384 475 2434 et
492 2369 637 2459 regiones
652 2365 794 2432 subditas
817 2369 908 2433 unius
930 2367 981 2434 vel
1005 2368 1150 2454 alterius,
1173 2394 1213 2438 sc
1232 2373 1333 2440 libera

347 2495 490 2562 invectio
516 2492 661 2558 omnium
689 2513 821 2574 eorum,
858 2516 939 2582 quae
967 2518 1034 2561 non
1062 2496 1125 2561 sint
1152 2499 1330 2587 prohibita,

348 2643 491 2710 quaeque
515 2619 616 2686 libere
641 2617 842 2703 vendantur,
869 2629 1148 2709 tmnsportentur3
1175 2621 1265 2712 quoti
1291 2647 1332 2690 ne

346 2747 553 2837 restringatur
581 2770 641 2836 per
667 2750 807 2836 privatas
837 2749 1059 2815 concessiones
1087 2749 1139 2814 vel
1164 2750 1331 2840 privilegia

346 2870 529 2961 (privilege,
556 2871 678 2953 octroi,
705 2894 746 2936 au
763 2888 854 2938 autre
879 2876 1067 2942 concession
1090 2877 1328 2968 particuliere),

347 3011 482 3085 excepto
503 3011 611 3060 tamen
636 2994 711 3060 olco
731 2995 938 3082 balnearum,
963 2999 1051 3087 quod
1065 3003 1099 3068 in
1114 3001 1327 3092 prejudicium

289 3135 297 3142 ·
346 3120 506 3213 privilegii
531 3121 674 3186 concessi
698 3121 844 3188 societati
868 3122 1031 3208 Gallicae,
1054 3125 1095 3192 ad
1110 3144 1234 3219 tempus
1250 3152 1329 3195 con-

353 3311 699 3328 *atu-*⁶⁶*

374 3413 411 3482 (1)
429 3412 559 3480 S'obligent
575 3413 603 3463 tle
620 3429 644 3462 se
658 3415 769 3480 garantir.

381 3497 416 3564 (2)
434 3499 602 3549 Enumerantur
616 3498 673 3548 haec
688 3498 779 3549 foedera
797 3499 859 3567 aputl
881 3516 980 3552 amala
1001 3522 1023 3553 o.
1037 3504 1055 3553 l.
1072 3505 1112 3553 10.
1131 3506 1173 3556 42.
1187 3506 1248 3556 387.
1262 3508 1332 3556 etiam

437 3581 500 3646 apud
518 3595 548 3629 nu
566 3596 626 3630 soar
645 3600 666 3630 ο.
686 3582 703 3630 l.
724 3584 749 3631 0.
766 3586 792 3631 2.
811 3584 870 3632 tta.

382 3665 417 3732 (³)
435 3664 491 3714 Vide
508 3665 557 3712 Art.
576 3668 644 3715 1-1o.
663 3667 696 3714 43
714 3676 737 3715 et
759 3667 801 3715 te.
821 3666 884 3716 foed.

382 3746 419 3816 (4)
436 3748 462 3797 Si
476 3764 501 3797 ce
515 3750 574 3796 n‘est
592 3749 719 3797 seulement
736 3767 765 3798 eu
782 3767 819 3798 cas
835 3750 863 3799 tle
880 3753 1001 3801 manifeste
1019 3753 1074 3801 deni
1088 3752 1116 3802 tle
1129 3756 1230 3819 justice,
1246 3757 1288 3824 qui
1303 3773 1331 3806 tte

437 3848 521 3898 pourrt
538 3831 585 3879 etre
601 3841 658 3880 tenu
675 3849 734 3898 pour
748 3833 841 3895 verifie,
860 3835 880 3882 si
898 3834 921 3882 la
938 3837 1029 3902 requete
1044 3836 1072 3886 de
1087 3839 1150 3888 celui
1165 3842 1207 3906 qui
1221 3840 1331 3892 demantle

437 3915 472 3963 les
489 3914 549 3964 dites
565 3915 709 3981 repremillcs
727 3919 785 3966 n’est
805 3920 964 3986 communique
981 3938 1011 3970 au
1025 3924 1129 3974 ministre
1145 3927 1192 3974 Art.
1212 3930 1250 3977 17.

382 3996 417 4064 (6)
435 3999 483 4047 lrt.
497 4001 536 4047 17.
554 4000 594 4048 18.
