3106 5110
869 381 910 443 12

399 608 615 697 l'Amiraute),
636 630 702 672 non
724 627 802 670 vero
826 604 888 669 illis
913 607 968 692 qui
988 611 1164 672 vocantur:
1185 605 1273 674 dela
1290 611 1376 676 table

396 731 438 800 de
463 735 611 816 Marbre,
638 731 876 821 permitteretur
900 729 941 794 de
972 731 1120 795 omnibus
1147 732 1240 798 rebus
1266 735 1376 825 Belga-

395 883 464 924 rum
492 857 722 924 commercium
745 855 979 945 spectantibus,
1004 857 1195 921 sententiam
1216 857 1328 947 terre(
1350 860 1375 948 )

437 984 464 1048 F
466 983 590 1048 oederis
607 983 692 1047 illius
713 983 747 1046 in
763 985 880 1045 novem
898 1001 999 1044 annos
1012 981 1100 1063 initi,
1119 982 1222 1047 nullus
1239 985 1372 1051 omnino

392 1107 525 1173 ellectus
537 1108 609 1190 luit,
628 1107 746 1196 quippe
761 1129 826 1169 non
843 1104 1038 1188 confirmati,
1057 1106 1160 1198 Belgis
1176 1110 1375 1193 timentibus,

390 1255 432 1298 ne
458 1256 515 1299 rex
541 1256 597 1298 eos
617 1230 658 1296 ad
686 1230 836 1294 auxilium
862 1247 975 1295 eontra
997 1232 1118 1320 Anglos
1144 1235 1373 1322 praestandum

392 1370 535 1447 cogeret.
562 1357 690 1422 Novum
705 1373 812 1420 tamen
834 1379 871 1444 ¹7
886 1356 970 1420 Junii
984 1358 1059 1420 anni
1077 1356 1159 1422 1630
1176 1360 1294 1424 coaluit
1304 1360 1372 1424 Ha·

389 1484 436 1571 gis
457 1483 525 1570 (a),
557 1480 599 1546 ad
629 1480 714 1569 quod
749 1479 789 1544 de
809 1480 996 1563 Richelieu,
1027 1483 1213 1570 praesertim
1238 1500 1370 1572 propter

337 1613 341 1618 '
387 1607 551 1673 fortunam
567 1629 702 1672 ousravr
724 1629 869 1670 anonam
887 1622 1001 1672 contra
1018 1607 1204 1674 Austriacos
1223 1611 1374 1675 incitatus

388 1747 451 1809 est,
479 1730 629 1821 quodque
653 1729 720 1794 fcrc
735 1731 927 1794 verbotenus
945 1751 1019 1792 cum
1041 1727 1172 1794 foedere
1189 1733 1264 1796 anni
1285 1733 1370 1822 1627

387 1854 556 1934 convenit3
582 1873 665 1940 quae
688 1843 797 1915 omnia
818 1867 928 1940 postea
952 1818 1011 1940 per
1032 1851 1212 1919 Articulum
1242 1878 1281 1920 10
1301 1857 1371 1924 foe·

386 1976 470 2044 deris
498 1977 581 2056 1634
604 1975 794 2041 confirmata
817 1992 890 2042 sunt
906 1975 967 2064 (3).

430 2101 554 2166 Rcllum
575 2100 659 2164 inter
683 2097 793 2163 Gallos
813 2115 846 2163 et
865 2099 1043 2187 Hispanos,
1068 2100 1160 2165 brevi
1184 2118 1257 2190 post
1277 2125 1369 2168 exor-

385 2244 452 2292 tum
471 2237 534 2309 est,
560 2224 665 2314 quod,
682 2224 823 2313 quamvis
839 2225 929 2288 varia
949 2240 1043 2312 pacta
1059 2248 1132 2290 cum
1149 2243 1258 2292 nostra
1276 2251 1368 2318 repu-

383 2351 469 2416 blica
495 2351 672 2440 pepererit,
703 2365 901 2414 mercaturae
926 2365 959 2414 et
975 2351 1169 2440 navigationi
1191 2355 1365 2420 maximum

383 2477 612 2544 detrimentum
628 2475 753 2557 attulit,
770 2497 844 2538 cum
861 2498 955 2540 naves
974 2475 1122 2566 Belgicae
1137 2478 1274 2543 multum
1289 2479 1366 2544 belli

384 2618 570 2693 apparatum
591 2616 623 2665 et
645 2623 768 2665 merces
789 2601 904 2666 vetitas
921 2601 1071 2691 Hispanis
1091 2602 1281 2670 advehentes
1300 2604 1365 2696 (A),

382 2755 402 2796 a
424 2730 524 2795 Gallis
548 2737 741 2817 caperentur
768 2751 808 2791 ex
835 2729 907 2793 Art.
930 2732 973 2806 Aa
997 2739 1028 2792 et
1047 2727 1090 2807 43
1114 2728 1221 2794 Edicti
1246 2731 1366 2796 navalis

382 2853 457 2917 anni
476 2850 578 2932 1543,
595 2866 676 2914 etex
689 2851 761 2916 Art.
778 2850 820 2935 69
835 2859 866 2914 ct
882 2873 925 2938 7⁰
936 2850 1020 2915 illius
1037 2854 1111 2916 anni
1130 2854 1214 2935 1584
1229 2855 1293 2945 (ὅ),
1308 2836 1367 2946 per

384 2998 463 3064 quos
484 2984 639 3038 statutum
659 2989 745 3056 erat,
769 2988 804 3036 ut
821 2996 964 3062 quaeque
982 2976 1086 3059 navis,
1105 2979 1225 3044 etiamsi
1243 2982 1363 3067 amica,

382 3123 505 3167 merces
528 3099 658 3163 hostiles
682 3100 801 3162 vehens
825 3121 898 3163 cum
919 3099 1068 3166 mercede
1089 3103 1307 3191 publicaretur
1324 3129 1365 3171 ex
1416 3128 1423 3135 ·

384 3225 508 3315 vulgari
517 3224 635 3314 regula:
651 3225 710 3288 »La
718 3225 799 3289 robe
810 3223 970 3291 ‹l'ennemi
980 3227 1143 3317 confisque
1152 3231 1233 3297 celle
1240 3230 1364 3317 darni’,

396 3479 445 3546 Ι(1)
464 3479 512 3528 Art.
532 3482 556 3529 7.

411 3561 447 3629 (2)
465 3563 500 3610 Du
515 3576 575 3610 nour
594 3580 614 3610 o.
633 3562 650 3610 1.
669 3565 694 3610 5.
713 3565 739 3612 2.
755 3564 813 3612 605.

410 3645 446 3713 (3)
465 3647 500 3693 Du
514 3660 573 3694 nour
586 3663 608 3694 o.
624 3645 641 3694 l.
658 3646 683 3694 u.
702 3650 725 3695 1.
741 3649 784 3696 82.

410 3731 445 3799 (4)
462 3732 536 3778 Knmr
549 3731 608 3778 llist.
626 3729 688 3778 foed.
707 3734 730 3778 1.
749 3732 809 3779 243.

410 3817 445 3882 (ὅ)
462 3814 518 3864 Vide
540 3814 646 3862 Edictum
663 3829 778 3864 manuscr
797 3815 807 3862 l
827 3812 892 3862 Febr.
912 3816 969 3862 anni
988 3816 1053 3863 154³
1071 3825 1095 3862 et
1113 3829 1204 3866 urnam
1221 3819 1271 3882 Ill,
1290 3821 1369 3871 Martii

472 3902 528 3949 anni
544 3901 612 3949 1584
629 3901 655 3948 in
672 3917 710 3965 op.
729 3897 826 3947 Recueil
850 3898 918 3946 Geni.
941 3898 981 3946 des
1004 3915 1054 3948 unc.
1075 3900 1119 3948 lois
1136 3901 1216 3954 Fratre.
1233 3904 1297 3956 Toni.
1319 3910 1366 3970 te,

472 4005 496 4051 p.
514 3987 565 4033 866
583 3995 607 4032 et
622 3985 684 4034 Tom.
701 3985 736 4031 ⁴14
756 3999 779 4046 p.
798 3983 857 4030 566.
