3106 5110
813 455 817 462 ·
851 411 895 475 tt

380 647 497 716 genere
517 623 699 707 constabat,
725 645 798 687 cum
819 645 928 690 earnm
949 646 1030 711 quae
1044 624 1276 690 invehebantur
1292 641 1358 690 tum

378 749 504 813 illarum
524 771 606 837 quae
623 748 859 831 efferebantur,
883 749 930 812 ita
946 764 981 812 ut
996 749 1133 837 pretium
1149 771 1262 814 eorutn
1277 771 1358 835 quae

380 896 464 938 anno
485 873 598 938 1658e
614 873 719 938 Gallia
733 873 934 938 vehebantur
950 870 993 937 ad
1010 870 1051 937 35
1069 872 1122 938 vel
1138 871 1180 951 45
1199 871 1358 938 miliiouea

378 998 644 1088 computaretur(
665 999 690 1086 ).

420 1122 557 1188 Dissidia
581 1140 691 1189 tamen
710 1125 775 1188 hoe
798 1138 945 1213 tempore
968 1123 1008 1190 de
1035 1123 1184 1213 vectigali
1212 1122 1254 1188 50
1280 1123 1356 1188 soli-

377 1249 493 1314 dorum
516 1251 706 1337 cuicumque
730 1249 820 1331 navi,
844 1249 970 1314 ratione
986 1248 1171 1314 modiorum
1196 1270 1278 1336 quae
1304 1270 1355 1312 ve·

374 1375 453 1439 here
480 1384 629 1463 poterat,
657 1374 837 1463 imposito,
869 1388 940 1438 orta
963 1373 1057 1462 plane
1085 1395 1152 1438 non
1180 1372 1360 1461 composita

377 1514 465 1584 sunt,
484 1521 557 1564 curn
577 1500 690 1568 hacin
706 1522 742 1564 re
758 1500 877 1588 eregit
893 1498 1117 1564 benevolentia
1137 1498 1253 1588 Belgae
1272 1520 1354 1562 sern-

374 1649 433 1714 per
458 1624 650 1715 penderent,
680 1623 786 1690 donec
812 1623 941 1691 tandem
965 1627 1098 1690 omnino
1121 1626 1278 1690 abolitum
1297 1640 1353 1690 est.

419 1749 570 1816 Ceterum
595 1750 783 1815 humanitati
811 1767 1059 1816 consentaneum
1081 1766 1147 1833 est,
1183 1749 1271 1838 quod
1294 1773 1352 1838 per

373 1875 505 1941 foedera
520 1890 673 1941 statutum
689 1888 757 1960 est,
774 1893 810 1942 ut
826 1878 934 1942 omnia
951 1899 1031 1964 quae
1047 1889 1256 1965 caperentur,
1270 1898 1351 1964 pace

370 2001 440 2085 jam
453 1999 549 2082 inita,
565 1998 790 2078 redderentur,
816 2023 889 2064 curn
904 2015 999 2064 antea
1012 2000 1192 2089 ignorantia
1208 2015 1241 2064 et
1255 2021 1350 2089 saepe

372 2121 449 2188 ficta
469 2124 557 2212 pacis
578 2124 776 2213 ignorantia,
806 2125 1008 2190 occasionem
1031 2125 1221 2214 praebuerat
1243 2124 1351 2190 multis

372 2249 447 2313 rixis
462 2246 504 2314 de
519 2249 580 2314 illis
595 2247 766 2316 reddendis
784 2272 887 2339 quae,
905 2251 1063 2338 prehensa
1079 2264 1181 2314 erant.

384 2433 722 2450 ---ι-

406 2538 442 2607 (l)
460 2538 511 2590 tit.
535 2556 614 2590 earum
637 2545 750 2594 mercium
772 2547 967 2597 enumerationem
986 2544 1048 2613 apud
1070 2557 1167 2594 Attum
1186 2560 1207 2590 o.
1230 2543 1247 2591 l.
1268 2543 1293 2591 9.
1315 2543 1358 2591 88.
1418 2607 1422 2626 ι

464 2626 525 2674 210.
542 2635 566 2674 et
587 2629 626 2676 10.
646 2629 688 2680 40.
704 2629 764 2680 305.
