3106 5110
687 392 731 457 27

226 619 389 702 stitutum,
406 643 446 688 ne
461 619 619 686 vendatur
631 619 691 709 (1),
713 643 830 710 quum,
845 621 931 711 quod
948 621 987 688 ad
1004 624 1066 690 alia
1076 629 1212 719 vectiga-

226 745 286 829 lia,
320 746 421 811 solitis
450 746 608 836 exceptis,
643 769 710 810 non
742 747 890 836 graviora
918 747 1031 837 (droits
1060 751 1209 841 charges,

224 872 363 962 gabelles
400 895 444 938 ou
479 874 684 962 impositions
715 872 947 965 quelconques)
974 874 1100 941 solvant
1130 877 1211 942 socii

224 1000 376 1088 invicem,
395 1023 490 1090 quam
507 1001 565 1090 ipsi
584 998 765 1090 indigenae.
806 998 913 1064 Nares
927 999 960 1062 in
976 1014 1105 1088 portum
1120 1001 1211 1066 unius

224 1124 276 1189 vel
303 1126 433 1191 alterius
450 1126 667 1216 appellentes,
695 1149 736 1190 ne
754 1140 910 1215 cogantur
932 1147 1029 1190 onera
1050 1125 1212 1215 deponere

223 1248 274 1313 vel
292 1247 332 1314 de
348 1252 509 1316 mercibus
524 1252 667 1332 solvere,
694 1249 754 1313 nisi
772 1251 952 1314 nauarcbae
968 1250 1110 1316 volentes
1127 1249 1213 1316 bona

222 1372 273 1437 vel
298 1395 421 1438 merces
446 1373 609 1452 auferant,
633 1393 716 1459 quae
740 1387 908 1461 praeterea
929 1395 969 1437 ne
994 1371 1211 1455 detineantur,

224 1519 417 1587 quocunque
441 1497 568 1576 colore,
594 1519 635 1562 ne
662 1498 705 1560 ob
729 1497 891 1586 publicam
914 1496 1043 1586 quidem
1059 1497 1210 1581 salutem,

225 1622 285 1688 nisi
320 1643 476 1688 consensu
507 1636 540 1685 et
569 1622 677 1710 pretio
709 1622 837 1704 soluto,
873 1623 965 1688 salvis
997 1639 1104 1688 tamen
1132 1624 1211 1710 juris

222 1748 323 1811 causis
338 1746 398 1834 (a).

266 1873 357 1937 Bona
382 1873 535 1963 naufraga
559 1874 767 1939 restituantur
792 1873 946 1953 dominis,
978 1877 1032 1964 qui
1064 1899 1103 1941 ea
1125 1876 1210 1942 intra

221 2019 339 2062 annum
361 2012 393 2062 et
409 1996 495 2082 diem
509 2001 591 2084 juste
609 2000 802 2084 reclament,
818 2002 898 2066 nibil
914 2003 1124 2084 solventibus,
1147 2001 1209 2066 nisi

221 2145 281 2213 pro
306 2123 429 2222 ⁸auxilio
457 2126 612 2213 praestito
640 2124 768 2209 debita,
796 2126 893 2216 (pour
918 2127 948 2192 le
972 2126 1058 2192 droit
1080 2126 1121 2192 de
1140 2149 1208 2192 sau·

221 2247 383 2337 rement),
406 2251 488 2313 etsi
513 2271 577 2312 non
598 2250 823 2338 obtemperent
847 2251 952 2334 cives,
986 2250 1210 2316 auctoritatem

222 2395 314 2441 suam
337 2375 563 2440 contrahentes
579 2375 788 2464 interponant
803 2392 835 2440 et
851 2399 904 2442 eas
920 2376 961 2440 ad
974 2377 1209 2442 restitutionem

222 2518 340 2592 cogant
359 2499 420 2590 (3).
467 2501 518 2566 Ne
543 2501 744 2592 accipiantur
772 2502 871 2567 Pirati
899 2503 1051 2568 maritimi
1073 2501 1208 2592 (Pirates

221 2650 265 2692 ou
286 2627 448 2716 sorbens),
472 2625 527 2694 sed
550 2624 779 2718 profligentur,
802 2649 840 2692 ac
862 2627 949 2692 bona
965 2642 999 2692 et
1014 2649 1136 2692 merces
1151 2625 1208 2692 do·

221 2753 315 2819 minis
338 2750 513 2818 reddantur
526 2749 583 2841 (4).
629 2749 848 2816 Admittantur
862 2750 964 2816 libere
982 2749 1140 2816 Advocati
1154 2750 1207 2816 vel

222 2894 453 2971 procuratores
479 2877 675 2966 (Advocats,
698 2899 910 2968 procureurs,
934 2877 1093 2960 notairea,
1117 2874 1206 2941 solli·

223 3003 375 3094 oiteurs),
394 3026 432 3069 ac
449 3003 588 3069 habeant
602 3003 685 3069 cives
706 3003 866 3090 utrimque
887 3000 987 3067 libros
1003 3018 1205 3070 mercaturae

258 3338 294 3406 (l)
310 3339 331 3388 Δ
347 3338 487 3403 l¹exception
496 3335 624 3386 seulement
640 3333 681 3384 des
694 3334 773 3384 hniles
787 3333 816 3383 de
826 3333 947 3395 baleines,
962 3349 1009 3400 qne
1022 3333 1058 3382 les
1070 3333 1143 3396 anjets
1156 3330 1209 3382 des·

314 3420 361 3470 dits
378 3421 498 3486 seigneura
512 3407 574 3468 itata
593 3419 715 3467 Generum
734 3435 764 3466 ne
787 3427 899 3484 pourtont
913 3426 1022 3484 apporter
1035 3426 1060 3465 et
1075 3415 1159 3466 venda
1178 3434 1208 3466 en

314 3506 399 3554 Franco
417 3520 449 3553 an
466 3501 587 3570 prtJutr'ce
604 3501 638 3550 dn
654 3499 766 3568 privilege
784 3498 880 3550 nccordd
899 3502 912 3548 i
931 3498 955 3549 la
973 3500 1107 3567 compagnie
1122 3499 1207 3550 dtnblie

313 3605 372 3656 pour
381 3567 411 3639 la
429 3587 500 3656 peche
518 3587 559 3636 dea
576 3586 680 3636 baleiues
694 3596 720 3635 et
734 3583 810 3636 debita
826 3583 866 3635 det
877 3583 937 3634 dites
948 3585 1040 3649 builet,
1057 3595 1107 3636 tant
1122 3603 1167 3653 qne
1183 3587 1206 3636 le

314 3684 389 3740 temps
404 3674 469 3738 porte
482 3689 525 3738 par
539 3672 561 3720 le
577 3671 613 3720 dit
621 3670 749 3739 privilege,
764 3669 817 3735 dejr'
830 3668 905 3722 donne
917 3688 960 3739 ptr
969 3670 992 3721 lc
1001 3672 1050 3734 roi,
1064 3670 1146 3721 dusera
1161 3679 1205 3720 cet.

311 3761 360 3810 Art.
376 3761 420 3808 20.

257 3845 292 3913 (c)
310 3845 359 3895 ta.
381 3846 422 3897 ra.
438 3847 481 3893 ao.
502 3845 537 3892 at
552 3853 573 3892 a
589 3845 632 3892 ae.

254 3931 289 3996 (Β)
307 3933 355 3979 lrt.
374 3931 416 3979 ⁴4.

254 4014 289 4082 (a)
307 4017 354 4064 ln.
373 4017 415 4064 ts.
