3096 5114
390 567 487 650 Quod
503 567 545 632 ed
560 565 795 656 navigationem
810 563 1015 653 providetur:
1034 587 1075 630 ne
1090 586 1185 630 naves
1202 566 1242 632 ad
1256 591 1326 658 sep·

345 696 538 760 tentrionem
566 695 692 777 missae,
717 694 750 757 in
774 692 943 781 Belgarum
959 705 1070 780 portus
1094 691 1257 781 appellere
1272 694 1324 758 vel

347 841 470 886 merces
485 817 640 900 vendere,
658 832 862 906 cogerentur,
880 813 968 902 quod
983 836 1086 902 neque
1102 816 1282 900 obtineret,
1297 818 1323 882 si

345 953 533 1032 tempestate
558 957 691 1008 coactae
717 941 907 1025 adveniant,
939 963 1019 1029 quae
1033 939 1147 1006 eedem
1162 940 1203 1007 de
1218 941 1325 1032 Belgis

342 1064 384 1132 ad
408 1067 574 1132 Orientem
598 1066 649 1130 vel
673 1064 882 1139 Occidentem
905 1066 1150 1155 navigantibus,
1178 1066 1321 1132 observa·

342 1191 521 1280 rentur(1).
566 1191 706 1257 Litterae
723 1190 967 1279 represallorum
981 1189 1117 1278 (lettres
1132 1188 1174 1255 de
1190 1211 1320 1278 marque

344 1339 388 1382 ou
401 1315 442 1382 de
454 1316 664 1405 represailles)
678 1331 771 1382 antea
783 1314 885 1400 datae,
901 1314 1021 1380 nullam
1034 1316 1099 1380 vim
1112 1315 1146 1380 in
1159 1331 1322 1405 posterum

342 1437 499 1508 haberent
513 1441 578 1531 (a),
596 1463 634 1507 ac
650 1463 745 1506 naves
761 1442 801 1507 ab
815 1442 908 1507 hoste
925 1456 1039 1530 captae
1055 1439 1095 1504 ad
1110 1463 1166 1506 eos
1182 1441 1321 1530 pertine·

341 1584 413 1634 rent
439 1570 492 1657 qui
513 1591 565 1634 ees
580 1568 718 1658 primum
736 1567 898 1658 ceperint,
914 1588 1012 1654 quum
1028 1566 1068 1630 ab
1084 1581 1216 1653 utraque
1231 1580 1322 1656 parte

342 1691 383 1760 ad
411 1695 648 1783 navigationem
670 1692 822 1758 tuendam
845 1709 877 1757 et
899 1707 1012 1757 contra
1032 1690 1155 1755 Pirales
1179 1689 1322 1754 munien-

343 1819 418 1887 dam
446 1844 519 1885 curn
541 1821 610 1884 aliis
632 1819 758 1910 populis
781 1833 882 1924 pacta
904 1818 985 1883 inire
1007 1816 1118 1882 liceret
1136 1814 1197 1904 (3).
1243 1814 1322 1880 Nul-

342 1942 408 2007 lum
437 1965 512 2032 erga
533 1942 646 2032 Belgas
665 1941 719 2006 ius
744 1942 909 2010 Albinatus
925 1940 1024 2029 (droit
1038 1940 1219 2030 d'aubaine)
1237 1939 1322 2006 Gelli

343 2084 547 2135 excercerent
560 2067 620 2158 (4).

343 2245 630 2262 m

378 2355 414 2422 (1)
432 2355 480 2402 Art.
499 2353 540 2402 16.

377 2439 413 2506 12)
431 2439 480 2488 Art.
497 2439 538 2486 14.

379 2523 415 2590 (a)
434 2525 482 2569 1η.
502 2523 534 2568 12
552 2528 576 2567 et
593 2521 633 2567 ra.

380 2605 415 2674 (4)
433 2605 482 2654 Art.
500 2606 541 2652 11.
570 2602 652 2651 »Daer
665 2601 698 2652 sal
714 2601 772 2652 oock
786 2612 855 2669 tegen
865 2601 893 2652 de
907 2603 1058 2668 ingeretenen
1072 2602 1113 2653 der
1125 2605 1331 2656 vooraeideleree·

434 2690 504 2759 nigde
528 2689 662 2738 Provincieu
681 2689 707 2738 in
730 2705 801 2756 germ
821 2687 901 2738 steden
925 2687 983 2736 ende
1008 2689 1131 2754 contreijen
1149 2706 1192 2740 van
1209 2691 1331 2756 Frankrijls

438 2775 532 2824 worden
549 2777 574 2822 in
592 2778 609 2822 ’t
625 2774 691 2822 werla
705 2773 794 2840 gesteld
810 2772 850 2821 het
868 2783 918 2838 regt
934 2789 977 2819 van
994 2771 1159 2840 d‘aubeigne.”

473 2858 505 2906 De
522 2858 576 2921 jure
595 2856 639 2906 illo
655 2856 790 2917 Albinatus,
810 2871 862 2902 cum
878 2855 903 2902 in
924 2853 1031 2903 omnibus
1049 2857 1180 2905 commercii
1199 2866 1222 2905 et
1239 2860 1333 2925 naviga-

438 2943 508 2990 tionis
522 2941 596 3004 pactis
611 2949 731 3000 caveatur,
751 2938 864 2987 nonnulla
887 2937 926 2986 hic
947 2938 1030 2987 addere
1052 2938 1137 3006 absque
1161 2957 1185 2988 re
1210 2958 1256 2990 non
1278 2944 1333 2992 erit.

439 3027 477 3072 Est
490 3040 571 3088 nempe
583 3025 637 3088 jus,
653 3022 714 3090 quod
728 3024 822 3072 sortasse
838 3040 852 3071 a
870 3022 939 3071 verbo
950 3022 1050 3085 Albino,
1067 3025 1138 3090 (stret
1153 3026 1251 3075 eGallis
1263 3028 1334 3094 origi·

440 3126 493 3158 nem
510 3107 581 3157 habet
597 3118 620 3156 et
635 3126 680 3175 quo
697 3109 813 3176 peregrini
828 3106 856 3157 de
874 3105 940 3155 bonis
957 3109 1005 3155 suis
1020 3109 1098 3156 testari
1116 3108 1154 3156 vel
1171 3126 1183 3157 e
1199 3119 1334 3160 testamento

439 3193 536 3242 alterius
553 3209 633 3258 capere
650 3201 757 3242 vetantur
766 3191 900 3258 exregnla:
929 3191 1088 3257 »Peregrinus
1101 3189 1162 3238 liber
1170 3193 1243 3256 vivit,
1257 3209 1336 3244 sertus

440 3280 564 3326 moritur.'’
598 3277 630 3325 De
655 3277 697 3325 illo
722 3277 771 3339 jam
796 3276 961 3342 antiquissimis
984 3271 1127 3338 temporibus
1146 3286 1232 3324 constat
1257 3295 1284 3326 ac
1310 3279 1335 3326 in

441 3360 573 3410 foederibus
589 3361 675 3427 agitur,
695 3361 732 3408 uti
748 3361 773 3407 in
789 3359 833 3408 illo
852 3361 915 3426 paris
934 3359 1031 3408 Castello
1049 3359 1214 3408 Cameracensis
1228 3359 1336 3427 (Chateau

442 3445 576 3514 cambresis)
593 3447 649 3496 anni
665 3447 730 3494 1666
741 3456 764 3494 et
773 3455 851 3511 postea
868 3460 1005 3512 quocunque
1016 3445 1107 3493 loedere
1117 3443 1146 3492 de
1154 3462 1212 3494 novo
1221 3445 1336 3496 abolitum

443 3541 486 3590 est,
502 3532 572 3580 sicuti
589 3547 632 3595 per
645 3531 692 3578 Art.
709 3533 739 3577 11
755 3528 817 3578 foed.
835 3530 891 3577 anni
909 3531 993 3592 1624,
1009 3526 1058 3578 Art.
1072 3530 1103 3576 10
1116 3528 1178 3578 foed.
1192 3531 1335 3594 1111611627,

443 3613 492 3660 Art.
507 3615 540 3662 23
551 3615 613 3679 pacti
627 3615 682 3662 anni
695 3615 775 3674 1662,
794 3613 842 3660 Art.
863 3615 895 3661 16
914 3612 975 3662 foed.
993 3614 1048 3661 anni
1066 3614 1147 3675 1676,
1166 3629 1207 3678 per
1221 3616 1336 3680 singulare

443 3696 545 3747 edictum
562 3699 618 3746 anni
639 3698 721 3758 1686,
739 3713 781 3762 per
797 3702 847 3745 Art.
865 3698 897 3745 16
913 3698 976 3763 pacti
990 3697 1046 3746 anni
1063 3698 1143 3759 1667,
1161 3699 1209 3746 Art.
1229 3701 1262 3748 14
1275 3701 1338 3766 pacti

444 3783 499 3832 nutri
519 3785 603 3845 1716,
623 3782 671 3830 Art.
699 3782 732 3829 37
752 3781 815 3848 pacti
832 3782 888 3830 anni
915 3782 990 3831 1766.
1026 3781 1112 3828 lterum
1137 3799 1191 3832 vero
1209 3783 1266 3834 hnic
1286 3785 1337 3848 juri

445 3883 484 3916 rcx
502 3866 590 3916 Galliae
608 3882 699 3926 omnes,
716 3866 757 3932 qui
772 3865 892 3932 religionis
908 3882 999 3916 causae
1015 3865 1092 3915 Gallia
1107 3867 1132 3916 in
1145 3868 1252 3935 belgium
1267 3869 1336 3918 aulu-

444 3963 532 4015 gerant,
550 3950 693 4016 subjecerat,
710 3967 782 4018 qnare
793 3950 877 4019 llelgae
884 3951 938 4016 jare
948 3951 1079 4002 retorsionis
1088 3953 1124 4002 nsi
1134 3963 1207 4016 erant,
1225 3969 1253 4005 ca
1262 3952 1338 4004 edicto
