3106 5110
847 399 890 465 82

369 640 542 723 congreget
558 645 591 695 et
604 627 741 718 plurima
766 626 804 690 iis
829 624 945 710 addet,
974 627 1087 714 quibus
1109 626 1222 692 melius
1239 626 1280 694 de
1296 631 1358 696 sin·

368 758 452 848 gulis
485 770 642 836 caretru3
678 750 767 841 quod
797 754 905 818 statim
934 769 1066 843 apparet
1094 777 1134 818 ex
1162 753 1264 820 modo
1294 777 1357 844 quo

367 882 457 971 genti
480 879 585 944 neutri
609 893 821 942 mercaturam
844 874 953 942 facere
970 874 1067 959 licet,
1090 878 1273 943 erratione
1294 901 1357 968 qua

367 1007 466 1073 vetita
488 1001 748 1094 (contrebandes)
772 1000 991 1090 publicantur,
1017 1024 1058 1066 ex
1072 1000 1188 1067 litteris
1205 1004 1357 1092 represal·

368 1133 492 1214 lorum,
517 1152 556 1194 ex
583 1129 732 1194 cautione
756 1149 775 1190 a
802 1127 962 1192 nauarchs
984 1125 1174 1214 praestanda
1191 1126 1239 1218 (r)
1263 1146 1357 1196 etex

371 1259 479 1353 multip
500 1257 581 1339 aliis,
605 1254 647 1319 de
663 1253 776 1343 quibus
792 1253 902 1354 priora
924 1267 1018 1341 pacta
1043 1253 1179 1318 omnino
1204 1254 1358 1338 silebant,

366 1400 426 1450 ut:
451 1381 608 1449 debonis
629 1380 806 1469 naufragis,
830 1378 872 1444 de
892 1377 1086 1462 Advocatio,
1111 1378 1153 1444 de
1169 1381 1358 1447 Consulibus

373 1509 553 1590 maritimis,
571 1505 613 1571 de
627 1505 775 1595 vectigali
792 1505 834 1570 50
850 1504 1040 1590 solidorum,
1056 1506 1146 1595 quod
1160 1507 1291 1596 quidem
1304 1511 1360 1575 bic

376 1657 443 1700 non
457 1633 593 1697 omnino
609 1631 796 1718 abrogatur,
824 1627 881 1692 sed
897 1644 1026 1710 tamen,
1045 1631 1172 1696 ratione
1192 1633 1361 1698 nonnulla·

375 1779 448 1822 rum
471 1755 644 1835 mercium,
670 1750 870 1816 diminuitur.
917 1754 970 1816 Ab
986 1754 1125 1842 antiquis
1139 1778 1217 1821 vero
1235 1759 1360 1846 pactis,

376 1881 411 1945 in
432 1900 475 1944 eo
502 1874 689 1966 praesertim
718 1873 783 1938 hoc
810 1889 942 1962 pactum
969 1873 1097 1960 differt,
1132 1875 1220 1965 quod
1241 1901 1300 1967 per
1323 1880 1363 1944 il„

375 2002 434 2070 lud
461 2002 514 2068 lex
540 2000 662 2065 navalis
688 2021 828 2062 mutor
852 2021 895 2063 111
921 2001 997 2064 anni
1029 2000 1137 2085 1584,
1164 2027 1184 2068 a
1208 2027 1273 2092 qua
1293 2009 1361 2091 jam

379 2139 492 2210 antea,
508 2148 594 2191 anno
614 2123 698 2203 1646
714 2141 746 2189 et
766 2123 873 2206 1655,
896 2123 938 2188 ad
954 2140 1082 2214 tempus
1097 2144 1166 2193 erat
1180 2152 1359 2212 recessum,

376 2275 483 2342 poene
508 2249 721 2338 extinguitur,
744 2248 790 2312 ita
814 2261 851 2312 ut
874 2249 963 2312 navis
985 2250 1090 2315 amica
1111 2274 1193 2316 onus
1212 2277 1304 2318 soum
1325 2254 1365 2318 li·

375 2378 491 2444 berum
501 2372 687 2461 reddat(o),
706 2395 767 2438 nec
783 2373 921 2462 amplius
937 2374 1047 2464 regula
1057 2375 1181 2442 valeat:
1207 2379 1271 2444 »La
1284 2381 1365 2446 robe

377 2499 538 2568 ‹l'ennemi
562 2496 728 2584 confisque
750 2496 833 2562 celle
854 2495 988 2579 d'ami,”
1012 2496 1102 2585 quod
1124 2502 1271 2588 gentibus
1287 2527 1365 2569 neu.

377 2625 435 2692 tris
464 2623 602 2690 maxime
625 2620 795 2712 prodresse
815 2644 929 2687 omnes
949 2620 1045 2686 facile
1065 2623 1268 2714 intelligunt,
1291 2649 1365 2694 cum

377 2752 443 2816 hoc
455 2747 568 2830 modo,
583 2762 798 2812 mercamram
811 2768 887 2810 cum
900 2747 1055 2826 ambobus
1066 2747 1272 2836 bellantibus,
1284 2775 1367 2818 nou·

378 2874 474 2940 nullis
505 2874 611 2939 vetitis
641 2874 800 2962 exceptis,
830 2894 942 2961 gerere
973 2873 1012 2936 iis
1036 2872 1252 2959 concedatur,
1279 2875 1366 2966 quod

380 3000 511 3088 antiqua
537 2996 652 3062 Edicta
676 3019 805 3085 semper
824 3007 1013 3080 sommant,
1043 2998 1163 3088 quippe
1190 3023 1273 3088 quae
1299 3025 1366 3067 non

379 3139 504 3190 tantum
520 3143 643 3188 memes
657 3120 811 3203 hostiles,
839 3119 897 3186 sed
922 3136 956 3186 et
975 3122 1078 3211 ipsam
1097 3146 1213 3189 navem
1228 3127 1366 3192 amicam

382 3269 435 3314 eas
449 3245 620 3312 vehentem
636 3244 795 3335 publicari
808 3245 979 3330 jusserant.

426 3370 574 3439 Foedere
601 3371 684 3436 inito
713 3367 854 3460 Belgae,
891 3371 947 3459 qui
977 3383 1080 3436 totam
1112 3372 1277 3464 vectigalis
1310 3373 1370 3440 ab·

383 3498 584 3590 rogationem
605 3496 805 3586 petivmant,
830 3511 865 3561 et
888 3519 954 3561 non
970 3496 1031 3562 nisi
1055 3495 1304 3567 diminutionem
1326 3524 1367 3566 ex

421 3841 1037 3912 (l)OE.lrt.4pttt.lMfletbrt.88.b.p.

421 3929 459 3994 (²)
477 3925 616 3993 9ηὲώῖ
630 3925 676 3990 'dl
690 3923 770 3990 “filla
786 3921 914 3988 *ἡμᾶν
928 3923 1003 3987 ⁰¹¹''ll
1017 3923 1097 3988 sclu'p,
1113 3925 1185 3989 “Mb
1203 3925 1276 3994 goetl:
1290 3929 1379 3979 bellice

481 4015 532 4060 alr
548 4013 626 4061 ntrire
645 4007 767 4058 esurrelt
785 4007 930 4075 corgnimn’·
