3096 5114
675 458 712 524 71

212 705 287 748 cum
309 682 393 747 Galli
408 679 569 765 edictum,
585 703 648 769 quo
670 684 812 770 gentium
834 682 1038 748 neutralitate
1054 683 1192 772 gauden-

213 809 292 872 tium
317 822 515 874 mercaturae
541 829 635 893 quam
652 806 791 870 maxime
807 806 977 889 favebant,
1003 829 1089 874 anno
1110 811 1194 898 1778

213 932 364 1016 ederent,
393 955 430 997 ac
453 932 583 1020 insignis
600 931 758 1018 quantitas
774 933 917 996 materiei
935 933 1065 996 navibus
1081 957 1195 998 ornan·

212 1057 262 1123 dis
292 1057 431 1122 idoneae
461 1058 495 1121 in
521 1056 661 1122 Galliam
685 1081 704 1121 a
730 1056 834 1147 Belgis
858 1057 1040 1122 inferretur.
1101 1055 1195 1120 Prae-

213 1201 301 1250 terea
326 1207 410 1248 anuo
438 1185 517 1272 1781
537 1207 610 1248 cum
628 1182 728 1248 Gallis
746 1199 876 1271 pactum
892 1183 1035 1247 inibatur
1051 1183 1092 1246 de
1108 1184 1183 1247 nari

211 1312 270 1376 bus
294 1312 336 1376 ab
358 1312 451 1375 hoste
475 1311 601 1397 captis,
626 1331 645 1373 a
666 1309 756 1372 socio
771 1308 982 1394 recuperatis,
999 1330 1063 1394 quo
1080 1303 1196 1370 eodem

213 1436 280 1500 fere
305 1435 423 1518 modo,
445 1433 608 1498 nonnullis
628 1433 773 1513 mutatis,
802 1455 841 1498 ac
866 1433 898 1495 in
919 1432 1079 1520 prioribus
1095 1433 1197 1520 pactis

215 1558 373 1624 statuitur.
420 1559 542 1648 Regula
558 1558 654 1623 etiarn
671 1558 805 1622 »Libera
822 1559 922 1635 naris,
949 1557 1049 1621 libera
1071 1556 1197 1638 merx,''

215 1707 331 1774 magna
359 1708 419 1775 pro
437 1700 528 1774 parte
553 1707 611 1774 per
637 1707 709 1748 earn
737 1694 875 1748 aetatem
900 1683 1048 1772 vigebat,
1073 1684 1130 1747 etsi
1158 1683 1199 1747 ab

213 1809 268 1873 illa
292 1833 378 1874 anno
407 1815 490 1899 1744
515 1834 533 1874 a
555 1833 631 1900 rege
653 1831 811 1874 recessum
834 1809 886 1874 sit.

257 1935 328 2022 Ipsa
351 1957 429 1999 vero
453 1951 635 2000 mercatura
657 1957 731 2000 curn
754 1933 879 2016 Gallia,
909 1935 1051 2022 quamvis
1072 1935 1198 1998 ratione

214 2058 437 2148 praecedentis
460 2062 573 2125 aetatis
590 2059 765 2141 diminuta,
783 2075 893 2123 tamen
910 2059 1005 2122 etiarn
1022 2081 1082 2146 per
1098 2080 1199 2121 annos

218 2185 314 2271 1787,
334 2185 435 2271 1788,
453 2186 536 2273 1789
552 2184 680 2266 floruit,
696 2185 743 2247 uti
761 2198 850 2272 patet
866 2206 906 2248 ex
921 2184 1042 2271 ingenti
1060 2181 1199 2248 diversa·

215 2332 287 2372 rum
310 2310 467 2374 mercium
489 2311 712 2396 exportatione
734 2325 767 2373 et
788 2308 1036 2396 importatione,
1066 2329 1200 2394 quarum

216 2429 374 2523 praetium
389 2433 431 2499 ad
448 2435 566 2500 multos
581 2434 729 2499 miliones
744 2435 992 2522 computabatur
1005 2433 1066 2522 (1).

260 2559 430 2641 Ceterum,
455 2561 516 2624 bae
531 2573 653 2641 aetate,
672 2567 851 2624 mercatura
868 2556 1012 2645 quotidie
1023 2555 1200 2654 'decresce-

217 2685 291 2767 bat,
315 2683 470 2749 Coioniae
492 2685 649 2774 plurimae
673 2685 714 2748 ab
734 2680 845 2773 Anglis
868 2698 981 2771 captae
1009 2701 1041 2748 et
1062 2683 1200 2748 maxima

216 2809 445 2898 impedimenta
467 2834 486 2875 a
505 2805 750 2900 praedatoribus
777 2809 971 2900 navigationi
995 2808 1083 2875 iliata
1106 2821 1197 2893 sunt,

216 2937 357 3023 quamvis
378 2960 462 3001 auno
483 2936 566 3002 1802
588 2959 670 3002 vana
686 2943 807 3025 species
824 2937 975 3024 pristinae
991 2937 1113 3026 gloriae
1132 2937 1200 3002 elu-

217 3080 320 3146 ceret,
348 3063 453 3129 donee
474 3059 607 3128 tandem
628 3077 694 3129 tota
715 3064 783 3129 fere
802 3066 902 3131 ruerit
921 3083 956 3130 ut
980 3069 1090 3155 paucis
1110 3067 1200 3130 annis

218 3205 291 3277 post
312 3212 419 3253 rursus
442 3203 634 3280 exsurgeret.

255 3493 289 3560 (1)
308 3491 355 3542 Hac
372 3493 400 3542 de
417 3510 441 3540 re
460 3492 506 3541 vid.
517 3506 617 3541 carnai.
636 3495 761 3557 inopere:
780 3493 812 3540 De
829 3491 960 3542 l'industrie
979 3493 1096 3558 Franoaiae
1111 3495 1175 3547 Tora.
1184 3498 1203 3545 1.

311 3593 364 3642 pag.
384 3577 418 3624 80
438 3591 502 3641 app,
520 3577 562 3641 qui
580 3575 690 3624 hocloco
709 3575 797 3625 diversa
814 3580 925 3626 mercium
940 3595 1023 3645 genera
1043 3592 1163 3631 enumerat
1179 3593 1205 3630 et

311 3662 411 3710 valorem
420 3677 514 3722 earmu,
531 3678 591 3727 quat
604 3679 621 3712 a
636 3661 714 3728 Belgis
728 3664 754 3710 in
763 3661 1057 3726 annuuntiabant,
1070 3667 1155 3731 viginti
1168 3666 1204 3712 tel

310 3745 462 3813 quadraginta
478 3745 616 3806 milianum,
634 3762 757 3813 earumque
774 3763 832 3813 quae
851 3747 1030 3812 exponebantur
1047 3758 1097 3796 octo
1112 3749 1148 3797 vel
1166 3747 1205 3796 de·

312 3847 360 3879 cem
376 3832 499 3880 miiionum
519 3833 631 3880 aestimat.

616 4051 803 4079 ..ΜΦ-υ·
