3106 5110
199 779 322 842 Foedus
338 778 457 844 auxilii
474 785 559 843 inter
579 799 773 842 nunovrcuu
789 800 853 841 ιιιιι
874 749 979 867 regdm
1005 779 1130 844 Galliae
1146 793 1179 844 et

273 926 412 970 onnrrtns
428 926 614 969 ornnnanns
630 904 737 993 Belgii
751 903 937 985 Foederoti,
965 906 1101 968 Parisiis

355 1036 469 1094 initum
481 1029 534 1094 die
549 1029 591 1094 28
609 1032 749 1120 Augusti
763 1037 844 1093 atoni
865 1029 945 1117 1627
960 1029 973 1118 (
995 1030 1019 1117 )

243 1214 433 1303 Congrnunt
447 1215 482 1278 in
500 1214 557 1279 illo
573 1211 705 1278 foedere
720 1215 804 1279 inter
825 1237 860 1279 se
879 1217 949 1280 Art.
970 1213 987 1280 5
1003 1230 1036 1280 et
1051 1215 1073 1278 6
1086 1215 1176 1282 ioed.

199 1337 274 1401 anni
295 1337 390 1418 ιδιά.
438 1339 510 1405 Art.
539 1360 577 1402 ra
602 1353 634 1402 et
652 1360 691 1401 10
708 1337 796 1404 foed.
813 1341 888 1404 anni
914 1340 1013 1422 1608,
1036 1342 1107 1406 Art.
1137 1365 1173 1405 ιι

200 1476 233 1524 et
259 1467 298 1539 14
319 1460 408 1528 ioed.
443 1460 542 1548 1596,
571 1484 645 1526 cum
666 1477 835 1550 praeterea
858 1486 896 1527 ex
913 1466 984 1529 Art.
1009 1467 1047 1542 14
1063 1479 1096 1528 et
1117 1464 1174 1545 15,

202 1605 297 1649 nares
328 1585 477 1670 hostiles,
512 1611 531 1651 a
559 1587 672 1674 quibus
703 1587 929 1652 contrahentes
944 1587 1008 1652 sint
1029 1587 1176 1676 spoliati,

200 1708 295 1774 liceat
323 1711 470 1798 persequi
497 1709 537 1774 ad
562 1713 685 1796 jactum
716 1713 868 1776 tormenti
897 1711 1125 1800 (kanonsohot)
1157 1735 1175 1776 a

199 1851 295 1924 portu
316 1833 461 1918 alterius3
486 1858 551 1923 apro
572 1835 822 1917 siintraverint,
846 1837 931 1924 capti
952 1835 1119 1902 solvantur
1135 1859 1175 1902 ae

198 1981 320 2025 merces
345 1958 531 2027 reddantur.
575 1960 649 2027 Non
676 1976 782 2026 autem
810 1961 956 2026 hostibus
977 1962 1174 2048 permittitur

198 2107 293 2152 naves
308 2087 425 2151 amicas
438 2084 584 2176 adgredi,
599 2087 658 2151 nisi
676 2090 719 2166 24
734 2088 829 2151 horas
840 2097 1011 2174 postquam
1027 2109 1172 2176 egressae

196 2212 293 2277 sinte
309 2223 421 2301 penu,
440 2211 583 2300 alioquin
601 2212 642 2276 ad
664 2213 900 2277 restitutionem
916 2231 974 2298 per
992 2210 1177 2298 represnllas

197 2350 364 2424 cogentur.

243 2457 416 2522 Adduntnr
451 2459 550 2523 etiam
580 2457 712 2524 foedere
746 2459 902 2525 nonnulla
933 2459 997 2549 (a),
1033 2483 1074 2526 ex
1107 2461 1175 2547 qui-

195 2587 256 2650 bus
274 2584 397 2673 belgis,
420 2583 455 2648 in
476 2581 639 2648 nonnullis
659 2581 783 2649 Galbae
805 2585 953 2664 urbibus,
977 2584 1081 2648 civem
1107 2586 1176 2649 Bel·

192 2709 301 2799 gicum
321 2707 487 2800 designare
503 2709 598 2789 lieet,
623 2710 674 2773 cui
695 2707 829 2774 facultas
851 2707 945 2774 datur
966 2709 1172 2799 perquisitio-

193 2836 285 2900 nibus
298 2834 428 2900 navium
443 2831 552 2897 adesse
565 2849 598 2898 et
613 2834 733 2899 litteras
748 2832 825 2898 dare
840 2833 881 2900 de
896 2835 1074 2917 mercibus,
1092 2856 1173 2923 quae

192 2963 385 3026 invehuntur
398 2957 451 3024 rel
466 2973 692 3047 exportantur,
709 2975 746 3022 ut
764 2960 829 3024 boc
844 2959 945 3025 modo
962 2960 1174 3050 provideatur

192 3089 298 3169 casui,
315 3109 380 3176 quo
397 3085 531 3173 Hispani
548 3086 634 3149 bona
645 3101 678 3149 et
691 3108 814 3150 merces
824 3101 934 3174 captas
947 3087 1080 3151 nomine
1096 3086 1173 3152 Gal·

192 3351 227 3404 ut
237 3334 529 3423 tantumjudicibus
542 3335 812 3400 Archithalnssicis
818 3336 877 3424 (les
885 3335 1117 3400 commissaires
1125 3332 1167 3398 de

220 3631 257 3700 (1)
274 3633 309 3682 Do
326 3646 386 3681 ronr
405 3651 427 3682 0.
448 3632 466 3682 Ι.
480 3634 505 3681 6.
521 3635 546 3680 2.
562 3633 623 3680 ott.
650 3645 709 3680 anu.
728 3649 750 3679 ο.
767 3632 784 3680 Ι.
799 3633 824 3680 ³.
843 3633 882 3679 ru
900 3631 943 3681 09.

219 3716 256 3783 (ὃ)
272 3717 370 3767 Anticles
385 3718 475 3784 seperta
491 3715 576 3766 artetes
590 3733 604 3764 a
620 3715 653 3764 St.
669 3717 775 3766 Germnin
785 3733 814 3764 en
824 3717 885 3784 [aye
906 3718 937 3766 16
955 3717 1081 3766 Novembre
1099 3718 1173 3766 1020.

282 3801 338 3852 Tria
356 3817 386 3853 nn
403 3817 463 3854 rorr
482 3820 504 3852 o.
523 3801 541 3852 l.
559 3803 585 3850 ὅ.
602 3803 627 3850 2.
645 3802 706 3850 ⁶2³.

220 3885 256 3952 (θ)
272 3887 318 3951 Qui
334 3887 379 3953 (les
396 3886 528 3954 Βριμὼ)
547 3895 655 3935 trouvent
672 3901 755 3952 moyen
775 3883 803 3934 de
828 3885 885 3933 faire
906 3883 1033 3950 tendinuer
1058 3883 1092 3932 les
1115 3882 1173 3933 dites
1251 3915 1253 3920 ,

281 3971 353 4034 prisea
361 3988 403 4037 par
412 3970 452 4020 des
461 3970 566 4019 tranem
574 3969 615 4035 qui
626 3971 715 4034 preterit
725 3968 788 4018 leurs
805 3985 869 4016 norm
881 3983 926 4016 aur
940 3965 986 4015 dits
996 3967 1119 4034 Rspagnols
1129 3978 1171 4016 cet.
