3106 5110
368 633 487 698 victum
521 629 642 696 ferrent
675 627 708 690 in
741 625 833 688 locos
866 625 1032 704 obsessos,
1066 621 1154 711 quod
1184 625 1210 688 si
1244 625 1353 710 fieret,

366 779 432 822 non
465 777 559 821 naves
588 755 678 843 ipsae
712 750 769 816 sed
801 771 924 814 merces
957 771 1034 836 quas
1062 749 1231 833 veherent,
1250 751 1355 840 publi·

367 895 531 963 carentur,
557 878 617 942 nisi
643 893 693 941 tot
717 878 856 942 inessent
880 890 915 940 ut
939 890 1003 940 tres
1020 890 1148 962 quartas
1172 891 1279 965 partes
1302 901 1356 944 vs·

365 1007 442 1072 loris
465 1006 687 1087 continerent,
713 1026 778 1091 quo
795 1025 868 1067 casu
892 1000 1034 1090 navigia,
1059 1010 1247 1088 apparatus,
1273 1025 1356 1068 mer.

365 1155 437 1215 ces,
479 1131 620 1222 legitima
654 1127 776 1217 praeda
809 1141 910 1208 esset3
945 1125 995 1188 sin
1032 1139 1139 1188 autem
1171 1123 1292 1191 litteras
1320 1128 1354 1194 in

364 1259 443 1324 mari
474 1256 680 1345 dejecissent,
713 1277 808 1320 nares
845 1275 920 1317 cum
960 1250 1121 1316 mercibus
1153 1251 1355 1339 publicaren-

366 1399 419 1448 tur
433 1382 491 1472 (ι).
537 1381 606 1446 Nec
628 1380 761 1444 naribus
784 1376 950 1441 Gallorum
973 1378 1102 1440 armatis
1124 1375 1237 1441 liceret
1258 1401 1354 1446 naret

365 1531 480 1599 capere
497 1507 640 1598 gentium
660 1520 843 1570 neutrarum
860 1525 879 1567 e
897 1501 1051 1590 portubus
1067 1498 1191 1566 Galliae
1205 1504 1356 1592 navigan·

364 1651 412 1700 tes
424 1632 482 1722 (a).
496 1669 543 1684 —
560 1630 709 1696 Edictum
726 1626 823 1710 illud,
841 1625 929 1715 quod
945 1625 985 1690 ad
1003 1636 1231 1711 mercaturam,
1247 1628 1354 1718 Belgis

364 1781 478 1848 parum
494 1759 639 1846 profuit,
664 1779 737 1820 cum
754 1753 851 1844 Angli
868 1777 886 1817 a
903 1752 1021 1842 rapinis
1037 1774 1103 1816 non
1120 1751 1307 1820 desisterent
1320 1772 1354 1820 et

365 1883 565 1972 quantumin
582 1881 644 1946 illis
654 1897 739 1963 erat,
753 1878 985 1945 commercium
1004 1900 1076 1943 cum
1092 1876 1192 1944 Gallis
1208 1896 1241 1945 et
1254 1882 1351 1946 Ame-

363 2008 480 2076 ricanis
496 2008 722 2097 prohiberent,
743 2002 830 2070 unde
846 2002 887 2068 de
903 2025 989 2067 novo
1006 2003 1108 2090 questi
1130 2015 1202 2068 sunt
1217 2005 1348 2094 Belgae,

366 2134 480 2223 quibus
512 2154 569 2197 rex
600 2129 735 2220 Angliae
769 2127 955 2217 respondit,
995 2150 1028 2192 se
1055 2149 1164 2192 curam
1191 2127 1348 2194 adhibitu-

364 2283 454 2342 rum,
478 2281 519 2324 ne
540 2278 638 2323 naves
659 2279 757 2320 onera
783 2254 872 2320 licita
897 2254 1048 2319 vehentes
1076 2271 1285 2343 caperentur,
1316 2277 1351 2321 se

365 2403 472 2451 tamen
488 2385 675 2450 necessitate
692 2381 824 2448 ductum
839 2382 1056 2448 invectionem
1070 2384 1215 2448 materiei
1230 2381 1350 2447 navalis

363 2512 397 2575 in
421 2509 558 2576 Galliam
586 2509 781 2600 prohibere,
814 2510 886 2596 quia
911 2510 975 2572 hcc
1002 2506 1102 2572 modo
1127 2506 1226 2571 Gallis
1252 2509 1344 2574 nimis

362 2638 541 2719 tereretur,
584 2636 707 2723 sibique
748 2650 937 2717 noceretur3
973 2657 1069 2722 quare
1104 2635 1282 2716 monebat,
1308 2656 1349 2700 ne

363 2761 501 2828 Ordines
527 2760 702 2826 Generales
735 2759 932 2826 conductum
963 2761 1097 2826 naribus
1127 2760 1183 2824 tali
1217 2762 1349 2826 materie

363 2887 467 2951 navali
495 2887 614 2950 onustis
639 2897 835 2974 praestarent
851 2885 910 2975 (3).
958 2888 1140 2953 Assentitae
1168 2902 1241 2952 sunt
1266 2887 1350 2952 Pro·

363 3012 506 3094 vinciae,
532 3011 631 3076 invita
655 3011 737 3076 urhe
762 3011 1035 3093 Amstelaedamo,
1071 3025 1103 3080 et
1129 3012 1262 3080 decreto
1285 3012 1348 3080 diei

368 3161 407 3226 19
429 3139 515 3205 Nor.
540 3139 615 3203 anni
638 3138 742 3226 1778,
767 3154 963 3206 mercatores
979 3141 1132 3207 certiores
1150 3139 1297 3206 lecerunt
1311 3141 1346 3206 in

364 3282 526 3359 posterum
543 3264 675 3330 navibus
698 3264 864 3330 materiem
888 3269 1042 3352 majorem
1067 3264 1211 3333 navalem
1228 3264 1276 3354 (4)
1293 3286 1348 3331 ve·

363 3393 513 3458 bentibus
531 3391 654 3456 nullum
673 3390 837 3480 publicum
856 3389 1052 3457 conductum
1074 3392 1227 3481 (courcy)
1244 3415 1348 3482 praes·

401 3698 437 3764 tl)
454 3700 502 3746 Art.
520 3701 545 3746 a.

402 3782 437 3848 (a)
455 3784 505 3830 art.
524 3785 565 3830 ra.

401 3867 629 3933 (altitonense.
650 3868 665 3916 Ι.
685 3869 728 3918 ab.
748 3870 800 3916 238
818 3886 864 3935 sqq.

398 3952 433 4020 (4)
451 3952 628 4020 Distiognebant
647 3954 731 4020 Belgae
745 3955 806 4002 inter
823 3955 925 4018 graviora
942 3955 1006 4020 ligna
1025 3965 1047 4002 et
1064 3959 1182 4006 materiem
1201 3959 1294 4008 minoris
1306 3977 1353 4007 mo·

454 4038 534 4086 menti.
