3106 5110
844 436 888 501 80

366 692 473 736 merce
493 668 600 752 licita;
632 689 691 732 nec
712 664 896 730 Praefectus
922 665 1013 730 navis
1034 679 1177 729 armatae
1205 665 1279 730 talia
1303 668 1348 731 in·

364 797 509 878 veniens,
526 794 628 876 dolia,
644 815 733 874 vasa,
749 791 801 855 vel
817 791 926 855 thecas
942 789 1083 878 (coffres,
1100 789 1221 874 malles,
1237 793 1348 876 balles,

362 922 547 1010 hougettes,
573 935 737 984 tonneaux
757 940 800 980 ou
817 931 921 979 autres
937 913 1062 1000 caisses)
1081 915 1222 1002 aperiat,
1247 927 1347 982 trans·

360 1053 469 1132 portet
492 1041 544 1107 vel
566 1040 704 1124 vendat,
730 1041 791 1106 nisi
813 1039 994 1104 inventario
1019 1037 1123 1122 facto,
1144 1039 1253 1126 jndice
1276 1065 1347 1131 pre·

361 1185 470 1251 sente,
492 1191 574 1256 quae
603 1167 711 1232 omnia
734 1191 775 1232 ne
801 1167 896 1248 fiant,
923 1189 1030 1230 merce
1050 1167 1149 1231 vetita
1165 1167 1284 1234 tradita
1307 1173 1346 1236 ab

359 1299 430 1385 ipso
447 1296 625 1376 nauarcho,
651 1295 704 1381 qui
721 1294 805 1358 viam
822 1309 1041 1382 persequatur.
1080 1293 1248 1359 Praeterea
1268 1319 1346 1362 cou-

359 1422 520 1486 trahentes
544 1443 652 1485 curam
676 1435 855 1509 praestent,
881 1435 915 1484 ut
937 1420 1045 1484 omnia
1067 1442 1177 1484 coram
1200 1422 1296 1488 bonis
1312 1434 1343 1488 et

358 1548 466 1634 aequis
487 1544 665 1631 judicibus,
693 1545 798 1611 forma
827 1547 1045 1636 praescripta,
1078 1560 1231 1634 agantur3
1255 1548 1344 1636 sique

357 1671 479 1762 legatus
506 1671 547 1736 de
577 1672 741 1736 sententiis
767 1672 837 1735 latis
869 1687 1037 1758 queratur,
1065 1669 1140 1734 illae
1168 1670 1253 1736 inter
1279 1687 1344 1760 tres

358 1819 482 1862 menses
506 1796 744 1876 examinentur,
773 1812 834 1860 nec
858 1796 979 1859 interea
1003 1817 1125 1859 merces
1149 1794 1344 1881 vendantur,

358 1935 391 1984 et
419 1919 445 1982 si
474 1935 563 1984 recte
588 1919 771 2005 judicatum
801 1917 965 2000 videatur,
995 1919 1173 1984 sententiae
1198 1921 1264 1985 vim
1291 1923 1344 1988 ha·

358 2046 457 2110 beant
469 2047 529 2110 sub
541 2045 705 2128 cautione,
723 2046 810 2110 salva
826 2045 1063 2134 appellatione3
1082 2057 1178 2134 utque
1195 2046 1235 2112 tle
1252 2050 1340 2114 omni

358 2173 404 2253 vi,
422 2173 457 2236 in
467 2171 566 2237 modo
579 2171 746 2255 visitandi,
759 2189 923 2251 caveatur,
940 2172 1120 2237 nauarchae
1130 2188 1162 2238 et
1174 2173 1342 2262 praedato·

359 2319 410 2362 res
439 2298 479 2363 ab
503 2313 636 2385 utraque
664 2314 755 2386 parte
779 2297 961 2362 cautionem
991 2311 1154 2385 praestent
1178 2298 1283 2365 15000
1305 2301 1341 2365 ti-

358 2424 488 2489 brarum
504 2423 612 2513 (livres
628 2422 799 2511 tournois),
820 2423 932 2510 quibus
945 2424 979 2486 in
995 2421 1145 2505 solidum,
1164 2421 1204 2488 de
1220 2423 1341 2490 damno

359 2549 466 2633 illato,
497 2549 689 2638 teneantur(
712 2548 737 2638 ).

404 2676 521 2741 Omnia
538 2699 632 2764 quae,
648 2675 792 2762 quamvis
809 2696 874 2738 non
891 2674 955 2738 sint
970 2675 1078 2756 vetita,
1095 2673 1128 2738 in
1144 2677 1220 2738 navi
1232 2676 1340 2741 hostili

359 2801 527 2882 vehantur,
545 2800 761 2891 publicentur3
775 2799 903 2863 hostilia
916 2820 994 2862 vero
1007 2799 1040 2862 in
1053 2799 1123 2864 navi
1136 2802 1248 2884 amica,
1266 2801 1341 2865 reti·

360 2927 401 2991 tis
416 2926 573 3014 exeeptis,
590 2924 690 2990 libera
706 2924 769 2989 sint
785 2923 845 3014 (a).
887 2923 978 3004 Quae
995 2924 1102 2989 omnia
1119 2935 1231 2991 mutuo
1249 2925 1338 2995 fiant.

405 3052 502 3116 Hisce
524 3051 724 3133 constitutis,
745 3050 968 3116 contrahentes
990 3048 1174 3134 declarant,
1193 3075 1226 3117 se
1248 3052 1342 3118 nuliis

361 3180 463 3270 pactis
488 3178 669 3269 prohiberi,
702 3179 871 3266 quominus
899 3180 1002 3244 hocce
1028 3178 1141 3244 foedus
1168 3181 1201 3244 in
1229 3181 1341 3270 viginti

361 3308 499 3395 quinque
528 3326 628 3369 annos
657 3304 790 3386 initum,
826 3305 912 3370 bona
938 3303 1000 3369 iide
1032 3306 1220 3390 observent,
1252 3307 1341 3394 sique

396 3640 434 3708 (1)
453 3641 480 3690 tt
498 3657 556 3707 pour
573 3651 632 3689 cette
653 3657 720 3691 cause
736 3650 813 3689 seront
830 3639 969 3690 dortnavaut
986 3641 1020 3689 les
1037 3641 1164 3707 capitaines
1182 3651 1205 3690 et
1221 3652 1348 3692 armateurs

453 3725 542 3794 obliges
553 3725 643 3775 chacun
654 3725 733 3788 d’eux,
747 3736 814 3776 avaut
823 3727 875 3774 leur
885 3736 1023 3792 partement,
1035 3724 1063 3775 de
1073 3725 1157 3776 baillet
1168 3729 1261 3777 cantion
1271 3727 1346 3777 bonna

453 3822 476 3860 et
491 3811 592 3860 solvuble
610 3829 652 3878 par
664 3810 749 3861 devant
759 3812 794 3860 les
805 3812 874 3878 juges
890 3814 1020 3879 competens
1036 3811 1064 3860 de
1079 3812 1103 3860 la
1119 3829 1204 3861 somme
1218 3812 1246 3863 de
1262 3815 1345 3862 16000

452 3897 522 3945 livres
536 3896 647 3957 tournois,
666 3911 725 3960 pour
738 3893 848 3961 repondre
865 3894 953 3944 chacun
967 3895 1038 3944 d'eux
1051 3893 1223 3945 solidairement
1237 3895 1278 3944 dea
1289 3895 1346 3945 mal·

450 3981 575 4030 versatione
591 3979 652 4047 qu‘il
668 3988 778 4046 ponsront
797 3989 928 4028 commettre
944 3997 974 4030 en
990 3979 1053 4028 leurs
1072 3997 1160 4029 sources
1177 3990 1220 4029 ret.
1238 3981 1286 4030 Art.
1303 3982 1345 4028 08.

395 4066 432 4131 (2)
451 4068 499 4114 tn.
516 4066 604 4114 26-42.
