3106 5110
798 455 841 523 70

338 685 499 775 regiminis
522 684 626 747 forma
642 680 708 768 (t),
735 701 807 744 cunr
825 701 1015 744 ronaranru
1032 677 1084 744 die
1102 677 1120 744 5
1137 680 1219 744 Junii
1245 682 1318 744 anni

342 807 426 874 1806
441 808 527 895 ipsos
546 802 658 893 Belgas
675 823 869 868 uuuovtcun
888 801 1019 867 fratrem
1035 823 1125 868 suum
1141 824 1250 894 regem
1266 824 1320 893 pe·

337 949 406 1000 tere
431 931 549 1021 coegit.
596 927 695 1010 Quod
719 949 793 992 curn
820 927 989 1010 fecissent,
1022 926 1214 1016 Respublica
1241 949 1321 1016 quae

338 1079 397 1147 per
413 1079 476 1145 227
492 1078 593 1120 annos
608 1064 755 1135 steterat,
772 1052 879 1118 deleta
895 1064 942 1119 eat
959 1069 993 1119 et
1008 1073 1090 1119 nova
1103 1056 1231 1144 imperii
1246 1078 1322 1121 oon·

337 1185 459 1249 stitutio
476 1181 648 1271 superioris
663 1181 773 1245 ruinae
787 1181 1027 1270 superstructa(
1049 1179 1073 1270 ).

384 1309 469 1374 Talis
490 1307 589 1373 exitus
614 1305 809 1395 reipublicae
832 1305 893 1370 suit
916 1327 997 1395 quae
1020 1319 1144 1373 tantum
1168 1309 1322 1374 habuerat

339 1433 564 1525 splendorem,
594 1455 675 1521 quae
701 1447 751 1496 tot
781 1430 974 1521 populorum
995 1433 1146 1498 invidiam
1169 1436 1323 1500 incitave-

340 1573 403 1626 rat.
441 1557 468 1622 F
470 1558 547 1622 ortis
563 1557 623 1622 tuit
637 1557 684 1621 ilti
701 1560 866 1644 juventus,
890 1555 1004 1622 debilia
1018 1574 1051 1623 et
1062 1559 1165 1622 inanis
1179 1575 1324 1624 maeatae

341 1696 374 1750 et
385 1707 445 1752 suo
456 1685 604 1774 exemplo
620 1684 867 1750 docuitauream
885 1705 952 1748 esse
968 1681 1124 1774 regulam:
1141 1685 1324 1754 Concordia

342 1823 392 1876 res
408 1833 526 1900 parvae
542 1827 710 1893 crescunt,
734 1807 894 1880 discordia
910 1811 1071 1874 maximae
1087 1809 1283 1877 dilabuutur.

387 1935 481 2001 More
507 1946 636 2013 nostro,
661 1937 744 1999 hanc
764 1950 901 1999 aetatem
917 1955 1137 2000 recenseamus
1155 1946 1188 1999 et
1203 1937 1324 2001 triatatn

345 2062 620 2150 comparationem
638 2083 711 2124 cum
727 2058 940 2149 praecedente
956 2061 1166 2126 instituamur.
1189 2095 1226 2112 -
1245 2061 1324 2127 Nul-

345 2187 414 2252 lum
431 2185 641 2275 navigationis
658 2201 691 2250 et
708 2184 895 2250 commercii
910 2194 1040 2274 pactum
1057 2205 1131 2250 aunt
1148 2186 1249 2252 Gallis
1265 2181 1327 2251 bac

346 2320 450 2376 aetate
472 2310 657 2376 confectum
679 2326 727 2375 eet
743 2309 810 2398 (3),
833 2311 880 2374 ite
895 2327 929 2374 ut
943 2312 1069 2389 omnia,
1094 2313 1207 2399 quibus
1221 2313 1262 2377 de
1279 2313 1328 2376 hia

344 2437 439 2502 rebus
455 2446 624 2518 careatur,
651 2438 685 2500 in
708 2434 839 2524 singulis
864 2433 977 2500 edictae
998 2453 1031 2500 et
1045 2435 1228 2500 foederibus
1250 2459 1326 2502 con·

345 2560 573 2628 foederationis
588 2558 769 2649 quaerenda
785 2561 865 2643 sint,
888 2569 969 2647 quae
990 2559 1091 2624 modo
1106 2559 1208 2643 edita,
1226 2559 1325 2626 modo

346 2703 498 2753 revocata
520 2685 641 2750 nullam
667 2685 731 2750 vim
756 2685 920 2751 efficacem
942 2686 1115 2752 habebant.
1178 2689 1328 2752 Attamen

345 2813 545 2880 Americanis
567 2822 600 2877 et
621 2812 734 2902 Anglia
757 2812 878 2878 bellum
899 2814 1095 2902 gerentibus,
1125 2832 1325 2897 mercatura,

345 2941 501 3029 imprimis
527 2961 600 3004 cum
623 2937 730 3002 Gallia
756 2955 788 3004 et
810 2939 977 3020 Amerina,
994 2961 1066 3003 oum
1086 2939 1176 3003 lucro
1195 2941 1328 3030 gereba·

348 3083 419 3148 tur;
434 3064 475 3130 ad
489 3087 636 3155 maguam
649 3086 729 3129 vero
743 3065 989 3155 prosperitatem
1003 3068 1093 3162 annis
1113 3065 1236 3156 1763-
1246 3067 1329 3156 1776

349 3216 430 3283 pace
452 3207 627 3282 regnante,
652 3193 881 3257 commercium
908 3194 1133 3281 perveniebat,
1153 3194 1238 3282 qimd
1261 3197 1329 3282 qui·

349 3320 422 3386 dem
452 3319 540 3384 bello
557 3333 671 3383 exorto
688 3317 942 3399 diminuebatur,
968 3341 1032 3384 non
1043 3341 1123 3385 vero
1140 3320 1326 3403 delebatur,

387 3595 422 3661 (1)
440 3593 488 3640 Van
505 3603 600 3640 rantra
619 3605 641 3639 o.
658 3589 674 3638 Ι.
693 3593 745 3638 toa
758 3607 806 3657 qq.

388 3680 423 3746 (2)
442 3679 535 3726 Harant
554 3695 575 3724 o.
596 3675 612 3724 l.
630 3679 655 3724 2.
675 3677 734 3724 toa.

390 3764 425 3830 13)
444 3761 555 3810 Ultimum
573 3761 703 3808 commercii
721 3769 745 3806 et
763 3759 917 3826 navigationis
934 3769 1027 3826 pactum
1046 3779 1097 3810 eum
1113 3765 1185 3812 cattis
1201 3767 1338 3815 ann017³9

418 3893 420 3900 ,
442 3849 529 3898 initum
546 3855 596 3906 eat,
613 3845 684 3908 cujus
699 3846 815 3892 renotatio
829 3861 895 3912 nepe
913 3849 1021 3912 promisca
1037 3865 1082 3896 non
1092 3865 1145 3898 vero
1155 3849 1251 3912 efferta,
1269 3852 1340 3900 dorice

441 3931 549 3992 tandem,
562 3929 605 3978 diu
621 3939 687 3994 poet,
703 3943 764 3976 anno
776 3930 839 3977 toti
859 3942 944 3978 norum
961 3940 1054 3995 pactum
1074 3934 1206 3982 consectum
1224 3947 1275 3998 est,
1294 3953 1340 4002 quo

444 4017 519 4064 nrrmia
536 4013 566 4063 ad
582 4015 699 4062 meliorem
717 4012 819 4061 ordinem
837 4013 927 4062 redacta
946 4025 1015 4076 arun,
1034 4016 1138 4083 quodque
1149 4020 1195 4068 vid.
1215 4023 1239 4068 in
1258 4021 1340 4070 Staats-

441 4099 496 4148 blad
518 4102 592 4148 1841.
613 4099 656 4146 ΝΟ.
675 4099 718 4145 23.
