3106 5110
844 373 887 440 42

378 602 463 668 rium
491 615 624 690 captura
647 623 708 668 neo
731 602 796 666 vim
817 602 938 669 babent
961 603 1089 672 litterae
1107 609 1353 698 represallorum

377 735 470 791 antea
490 724 596 790 datae.
641 723 737 790 Nulla
758 725 957 813 privatorum
979 728 1067 794 bona
1086 728 1269 797 detinentur
1292 755 1354 821 pro

376 848 491 915 debitis
504 848 651 938 publicis.
686 849 830 937 Strbjeoti
843 868 916 918 sunt
926 853 1010 920 cives
1021 856 1180 944 utrimque
1192 859 1355 948 vectigali·

374 973 433 1037 bus
457 973 673 1060 praescriptis.
719 973 852 1040 Habent
874 999 968 1044 naves
995 982 1206 1048 mercatoriae
1229 1005 1356 1072 semper

373 1119 484 1163 secum
510 1098 631 1164 litteras
658 1100 833 1166 maritimas
856 1117 890 1168 et
910 1103 987 1168 salvi
1008 1121 1218 1174 commeatus.
1265 1107 1357 1174 Licet

375 1224 410 1288 in
435 1222 564 1290 alterius
595 1225 729 1313 regione
756 1248 853 1292 naves
883 1226 1053 1294 aedificare
1080 1231 1131 1297 rel
1158 1231 1290 1315 locare,
1323 1248 1358 1300 et

373 1369 482 1413 ornere
503 1362 695 1436 apparatum
720 1349 886 1419 bellicum.
932 1353 1153 1422 Restituuntur
1175 1357 1263 1425 bona
1277 1381 1356 1426 nau·

372 1471 465 1563 fraga
491 1472 577 1538 intra
605 1497 724 1540 annum
748 1490 783 1540 et
811 1474 911 1544 diem.
956 1477 1179 1550 Admittuntur
1201 1483 1355 1552 Consules

372 1598 543 1681 maritimi,
568 1596 731 1664 Advocati
750 1599 787 1665 'et
804 1601 1047 1670 Procuratores.
1094 1606 1224 1674 Habent
1242 1607 1357 1697 populi

372 1723 474 1790 libros
497 1725 685 1789 commercii
708 1740 742 1790 et
764 1723 963 1807 litterarum,
993 1725 1117 1815 lingua,
1152 1750 1213 1814 qua
1239 1730 1354 1798 velint.

372 1847 461 1914 Nulli
483 1848 687 1938 accipiuntur
706 1849 829 1937 piratae
850 1848 1020 1934 maritimi,
1044 1866 1077 1916 et
1091 1851 1213 1939 praeda
1230 1854 1271 1922 ab
1290 1853 1355 1920 illis

373 1987 470 2061 capta
490 1970 636 2037 redditur
657 1970 806 2038 dominis.

420 2099 575 2186 Tempore
591 2096 675 2180 bella
687 2097 787 2161 altero
799 2103 954 2162 sociorum
966 2097 1167 2164 neutmltmte
1177 2099 1351 2188 gaudente.

372 2222 487 2290 Nullae
519 2223 560 2288 ab
593 2224 687 2288 hoste
718 2222 909 2310 accipuntur
936 2222 1064 2288 litterae
1094 2225 1355 2312 represallorum.

372 2349 497 2414 Intrant
515 2369 613 2412 naves
628 2361 770 2412 armatae
784 2358 916 2436 portum
934 2347 1036 2432 socii;
1061 2371 1128 2414 non
1149 2373 1227 2416 vero
1248 2352 1356 2418 hostes

374 2495 448 2542 cum
478 2471 611 2562 praeda.
659 2470 774 2538 Nullae
803 2493 900 2538 naves
930 2470 972 2536 ab
999 2473 1093 2538 hoste
1125 2473 1293 2562 capiuntur
1323 2475 1358 2540 in

373 2610 482 2690 portu.
529 2600 644 2665 Libera
666 2613 715 2664 est
737 2612 919 2662 mercatura
935 2597 1132 2681 cumbusta,
1159 2622 1259 2688 aqua
1274 2601 1359 2668 exci-

373 2726 505 2816 piuntur
520 2745 645 2788 merces
659 2722 794 2803 vetitae,
811 2737 845 2786 et
860 2742 943 2809 quae
958 2720 1000 2788 ad
1011 2722 1133 2788 rictum
1145 2725 1308 2812 pertinent
1323 2725 1358 2790 in

374 2851 466 2916 locos
490 2849 648 2913 obsessos.
695 2843 913 2932 Quaecunque
939 2845 1096 2910 vehuntur
1111 2845 1145 2910 in
1162 2847 1237 2912 navi
1251 2851 1357 2916 amica

376 2976 471 3042 etiam
489 2974 596 3038 hostes
608 2971 684 3060 ipsi,
699 2967 800 3032 modo
816 2991 882 3032 non
899 2967 1036 3052 milites,
1053 2968 1153 3036 libera
1168 2989 1259 3058 sunt,
1276 2997 1357 3063 quae

376 3121 455 3164 vero
473 3097 578 3162 amica
600 3095 635 3159 in
655 3094 727 3160 nari
741 3092 850 3158 hostili
869 3092 1092 3183 publicantur,
1114 3097 1176 3162 nisi
1187 3098 1278 3163 illata
1293 3099 1356 3164 sint

376 3225 462 3290 intra
477 3239 617 3311 tempus,
637 3242 702 3308 quo
718 3217 840 3284 bellurn
855 3219 1000 3309 ignorari
1012 3222 1130 3310 potuit.
1177 3223 1358 3311 subjiciunt

378 3372 413 3416 se
426 3369 522 3415 naves
532 3347 743 3412 mercatoriae
760 3345 982 3434 perquisitioni
998 3348 1128 3414 navium
1143 3364 1355 3432 armatarum,

379 3494 513 3564 quarum
522 3469 681 3539 Praefecti
690 3471 873 3536 cautionem
883 3469 924 3536 de
934 3495 1000 3538 non
1010 3471 1168 3540 laedendo
1180 3491 1354 3565 praestant.

378 3597 493 3665 Nullae
503 3617 600 3662 nares
610 3617 672 3661 neo
681 3618 804 3662 merces
813 3613 927 3687 captae
936 3599 1358 3687 publicanturnecvendun·

381 3734 442 3806 tur,
456 3721 516 3786 nisi
530 3719 708 3785 inventario
722 3719 829 3804 iacto,
849 3744 957 3788 coram
970 3723 1130 3810 judicibus
1141 3726 1358 3793 Archithalas·

379 3848 462 3916 sicis.
508 3846 627 3912 Omnes
649 3843 841 3910 dirimuntur
863 3847 934 3912 lites
958 3871 1067 3915 coram
1082 3850 1175 3917 bonis
1191 3868 1225 3917 et
1250 3853 1358 3944 aequis

378 3972 555 4058 judicibus,
579 3970 684 4037 forma
707 3973 912 4061 praescripta.
