<?xml version="1.0" encoding="UTF-8"?>
<!DOCTYPE html PUBLIC "-//W3C//DTD XHTML 1.0 Transitional//EN"
    "http://www.w3.org/TR/xhtml1/DTD/xhtml1-transitional.dtd">
<html xmlns="http://www.w3.org/1999/xhtml" xml:lang="en" lang="en">
 <head>
  <title>
</title>
<meta http-equiv="Content-Type" content="text/html;charset=utf-8" />
  <meta name='ocr-system' content='tesseract 3.04.00' />
  <meta name='ocr-capabilities' content='ocr_page ocr_carea ocr_par ocr_line ocrx_word'/>
</head>
<body>
  <div class='ocr_page' id='page_1' title='image "./disputatiopolit00roogoog_0020.png"; bbox 0 0 3106 5110; ppageno 0'>
   <div class='ocr_carea' id='block_1_1' title="bbox 710 347 731 413">
    <p class='ocr_par' dir='ltr' id='par_1_1' title="bbox 710 347 731 413">
     <span class='ocr_line' id='line_1_1' title="bbox 710 347 731 413; baseline 0 0"><span class='ocrx_word' id='word_1_1' title='bbox 710 347 731 413; x_wconf 94' lang='lat'><strong>7</strong></span> 
     </span>
    </p>
   </div>
   <div class='ocr_carea' id='block_1_2' title="bbox 221 574 1200 916">
    <p class='ocr_par' dir='ltr' id='par_1_2' title="bbox 221 574 1200 916">
     <span class='ocr_line' id='line_1_2' title="bbox 222 574 1197 665; baseline 0.003 -25"><span class='ocrx_word' id='word_1_2' title='bbox 222 575 334 642; x_wconf 87' lang='lat' dir='ltr'><strong>dorem</strong></span> <span class='ocrx_word' id='word_1_3' title='bbox 352 574 591 665; x_wconf 82' lang='lat' dir='ltr'><strong>perveniebant,</strong></span> <span class='ocrx_word' id='word_1_4' title='bbox 612 589 645 639; x_wconf 91' lang='lat' dir='ltr'><strong>et</strong></span> <span class='ocrx_word' id='word_1_5' title='bbox 660 585 875 640; x_wconf 77' lang='lat' dir='ltr'><strong>mercaturam</strong></span> <span class='ocrx_word' id='word_1_6' title='bbox 889 574 930 642; x_wconf 83' lang='lat' dir='ltr'><strong>ad</strong></span> <span class='ocrx_word' id='word_1_7' title='bbox 946 578 1120 643; x_wconf 81' lang='lat' dir='ltr'><strong>maximum</strong></span> <span class='ocrx_word' id='word_1_8' title='bbox 1137 579 1197 644; x_wconf 85' lang='lat' dir='ltr'><strong>fas·</strong></span> 
     </span>
     <span class='ocr_line' id='line_1_3' title="bbox 221 699 1200 790; baseline 0.002 -24"><span class='ocrx_word' id='word_1_9' title='bbox 221 700 333 766; x_wconf 88' lang='lat' dir='ltr'><strong>tidiurn</strong></span> <span class='ocrx_word' id='word_1_10' title='bbox 346 699 578 790; x_wconf 79' lang='lat' dir='ltr'><strong>provehebant.</strong></span> <span class='ocrx_word' id='word_1_11' title='bbox 619 699 788 765; x_wconf 81' lang='lat' dir='ltr'><strong>Hrnnrous</strong></span> <span class='ocrx_word' id='word_1_12' title='bbox 803 723 837 764; x_wconf 74' lang='grc' dir='ltr'><strong>ιν</strong></span> <span class='ocrx_word' id='word_1_13' title='bbox 851 701 963 790; x_wconf 84' lang='lat' dir='ltr'><strong>igitur,</strong></span> <span class='ocrx_word' id='word_1_14' title='bbox 979 723 1034 766; x_wconf 80' lang='lat' dir='ltr'><strong>eoa</strong></span> <span class='ocrx_word' id='word_1_15' title='bbox 1047 701 1107 768; x_wconf 80' lang='lat' dir='ltr'><strong>eibi</strong></span> <span class='ocrx_word' id='word_1_16' title='bbox 1120 705 1200 768; x_wconf 87' lang='lat' dir='ltr'><strong>ami·</strong></span> 
     </span>
     <span class='ocr_line' id='line_1_4' title="bbox 221 823 1198 916; baseline 0.002 -26"><span class='ocrx_word' id='word_1_17' title='bbox 221 847 277 890; x_wconf 88' lang='lat' dir='ltr'><strong>cos</strong></span> <span class='ocrx_word' id='word_1_18' title='bbox 291 825 412 890; x_wconf 85' lang='lat' dir='ltr'><strong>habere</strong></span> <span class='ocrx_word' id='word_1_19' title='bbox 428 824 560 912; x_wconf 77' lang='lat' dir='ltr'><strong>cupiens</strong></span> <span class='ocrx_word' id='word_1_20' title='bbox 582 839 616 889; x_wconf 83' lang='lat' dir='ltr'><strong>et</strong></span> <span class='ocrx_word' id='word_1_21' title='bbox 639 823 741 888; x_wconf 79' lang='lat' dir='ltr'><strong>eciem</strong></span> <span class='ocrx_word' id='word_1_22' title='bbox 761 825 796 889; x_wconf 88' lang='lat' dir='ltr'><strong>in</strong></span> <span class='ocrx_word' id='word_1_23' title='bbox 816 824 886 914; x_wconf 78' lang='lat' dir='ltr'><strong>ipsa</strong></span> <span class='ocrx_word' id='word_1_24' title='bbox 904 834 1084 890; x_wconf 85' lang='lat' dir='ltr'><strong>mercatura</strong></span> <span class='ocrx_word' id='word_1_25' title='bbox 1107 849 1198 916; x_wconf 87' lang='lat' dir='ltr'><strong>prae·</strong></span> 
     </span>
    </p>
   </div>
   <div class='ocr_carea' id='block_1_3' title="bbox 220 928 1195 1040">
    <p class='ocr_par' dir='ltr' id='par_1_3' title="bbox 220 928 1195 1040">
     <span class='ocr_line' id='line_1_5' title="bbox 220 928 1195 1040; baseline 0.004 -26"><span class='ocrx_word' id='word_1_26' title='bbox 220 951 344 1040; x_wconf 85' lang='lat' dir='ltr'><strong>cipuam</strong></span> <span class='ocrx_word' id='word_1_27' title='bbox 368 928 566 1038; x_wconf 84' lang='lat' dir='ltr'><strong>reipublicae</strong></span> <span class='ocrx_word' id='word_1_28' title='bbox 589 951 656 1016; x_wconf 79' lang='lat' dir='ltr'><strong>vim</strong></span> <span class='ocrx_word' id='word_1_29' title='bbox 676 972 744 1016; x_wconf 76' lang='lat' dir='ltr'><strong>ease</strong></span> <span class='ocrx_word' id='word_1_30' title='bbox 762 951 873 1034; x_wconf 78' lang='lat' dir='ltr'><strong>sitam,</strong></span> <span class='ocrx_word' id='word_1_31' title='bbox 890 950 1027 1040; x_wconf 86' lang='lat' dir='ltr'><strong>plurima</strong></span> <span class='ocrx_word' id='word_1_32' title='bbox 1046 951 1195 1020; x_wconf 82' lang='lat' dir='ltr'><strong>benificia</strong></span> 
     </span>
    </p>
   </div>
   <div class='ocr_carea' id='block_1_4' title="bbox 219 1075 511 1167">
    <p class='ocr_par' dir='ltr' id='par_1_4' title="bbox 219 1075 511 1167">
     <span class='ocr_line' id='line_1_6' title="bbox 219 1075 511 1167; baseline 0.007 -29"><span class='ocrx_word' id='word_1_33' title='bbox 219 1075 322 1167; x_wconf 68' lang='lat' dir='ltr'><strong>Belgio</strong></span> <span class='ocrx_word' id='word_1_34' title='bbox 342 1075 511 1140; x_wconf 74' lang='lat' dir='ltr'><strong>concernit.</strong></span> 
     </span>
    </p>
   </div>
   <div class='ocr_carea' id='block_1_5' title="bbox 642 1293 743 1379">
    <p class='ocr_par' dir='ltr' id='par_1_5' title="bbox 642 1293 743 1379">
     <span class='ocr_line' id='line_1_7' title="bbox 642 1293 743 1379; baseline 0 0"><span class='ocrx_word' id='word_1_35' title='bbox 642 1293 743 1379; x_wconf 83' lang='lat' dir='ltr'><strong>.s1·</strong></span> 
     </span>
    </p>
   </div>
   <div class='ocr_carea' id='block_1_6' title="bbox 216 1499 1195 1837">
    <p class='ocr_par' dir='ltr' id='par_1_6' title="bbox 216 1499 1195 1837">
     <span class='ocr_line' id='line_1_8' title="bbox 216 1499 1195 1592; baseline -0.004 -24"><span class='ocrx_word' id='word_1_36' title='bbox 216 1503 341 1568; x_wconf 78' lang='lat' dir='ltr'><strong><em>Foedus</em></strong></span> <span class='ocrx_word' id='word_1_37' title='bbox 355 1501 546 1592; x_wconf 79' lang='lat' dir='ltr'><strong>offensionis</strong></span> <span class='ocrx_word' id='word_1_38' title='bbox 561 1513 595 1564; x_wconf 85' lang='lat' dir='ltr'><strong>et</strong></span> <span class='ocrx_word' id='word_1_39' title='bbox 608 1499 727 1564; x_wconf 74' lang='lat' dir='ltr'><strong>auxilii</strong></span> <span class='ocrx_word' id='word_1_40' title='bbox 745 1507 830 1565; x_wconf 82' lang='lat' dir='ltr'><strong>inter</strong></span> <span class='ocrx_word' id='word_1_41' title='bbox 846 1523 1019 1566; x_wconf 77' lang='lat' dir='ltr'><strong>nnnurouu</strong></span> <span class='ocrx_word' id='word_1_42' title='bbox 1040 1522 1074 1565; x_wconf 82' lang='lat' dir='ltr'><strong>rr</strong></span> <span class='ocrx_word' id='word_1_43' title='bbox 1089 1523 1195 1590; x_wconf 79' lang='lat' dir='ltr'><strong>regem</strong></span> 
     </span>
     <span class='ocr_line' id='line_1_9' title="bbox 262 1601 1153 1714; baseline -0.003 -22"><span class='ocrx_word' id='word_1_44' title='bbox 262 1627 404 1710; x_wconf 85' lang='lat' dir='ltr'><strong>Galliae,</strong></span> <span class='ocrx_word' id='word_1_45' title='bbox 418 1646 644 1689; x_wconf 77' lang='lat' dir='ltr'><strong>rnrsarrrrrau</strong></span> <span class='ocrx_word' id='word_1_46' title='bbox 656 1624 798 1712; x_wconf 79' lang='lat' dir='ltr'><strong>Angliae</strong></span> <span class='ocrx_word' id='word_1_47' title='bbox 813 1631 959 1714; x_wconf 79' lang='lat' dir='ltr'><strong>reginam</strong></span> <span class='ocrx_word' id='word_1_48' title='bbox 971 1638 1002 1690; x_wconf 85' lang='lat' dir='ltr'><strong>et</strong></span> <span class='ocrx_word' id='word_1_49' title='bbox 1014 1601 1153 1691; x_wconf 78' lang='lat' dir='ltr'><strong>onoruns</strong></span> 
     </span>
     <span class='ocr_line' id='line_1_10' title="bbox 299 1747 1109 1837; baseline -0.005 -20"><span class='ocrx_word' id='word_1_50' title='bbox 299 1772 484 1817; x_wconf 79' lang='lat' dir='ltr'><strong>onnnnanns</strong></span> <span class='ocrx_word' id='word_1_51' title='bbox 500 1748 606 1837; x_wconf 78' lang='lat' dir='ltr'><strong>Belgr&#39;i</strong></span> <span class='ocrx_word' id='word_1_52' title='bbox 617 1747 789 1813; x_wconf 79' lang='lat' dir='ltr'><strong>Foederoti</strong></span> <span class='ocrx_word' id='word_1_53' title='bbox 804 1747 857 1814; x_wconf 77' lang='lat' dir='ltr'><strong>dte</strong></span> <span class='ocrx_word' id='word_1_54' title='bbox 873 1748 913 1814; x_wconf 88' lang='lat'><strong>31</strong></span> <span class='ocrx_word' id='word_1_55' title='bbox 936 1749 1008 1816; x_wconf 84' lang='lat' dir='ltr'><strong>Oet.</strong></span> <span class='ocrx_word' id='word_1_56' title='bbox 1027 1756 1109 1814; x_wconf 75' lang='lat' dir='ltr'><strong>onor·</strong></span> 
     </span>
    </p>
   </div>
   <div class='ocr_carea' id='block_1_7' title="bbox 492 1873 920 1964">
    <p class='ocr_par' dir='ltr' id='par_1_7' title="bbox 492 1873 920 1964">
     <span class='ocr_line' id='line_1_11' title="bbox 492 1873 920 1964; baseline 0 -23"><span class='ocrx_word' id='word_1_57' title='bbox 492 1873 577 1962; x_wconf 83' lang='lat'>1596</span> <span class='ocrx_word' id='word_1_58' title='bbox 598 1875 704 1964; x_wconf 69' lang='lat' dir='ltr'><strong>Hegio</strong></span> <span class='ocrx_word' id='word_1_59' title='bbox 727 1882 840 1940; x_wconf 82' lang='lat' dir='ltr'><strong>initum</strong></span> <span class='ocrx_word' id='word_1_60' title='bbox 860 1874 873 1964; x_wconf 95' lang='lat'>(</span> <span class='ocrx_word' id='word_1_61' title='bbox 894 1875 920 1964; x_wconf 85' lang='lat'><strong>).</strong></span> 
     </span>
    </p>
   </div>
   <div class='ocr_carea' id='block_1_8' title="bbox 206 2070 1195 3286">
    <p class='ocr_par' dir='ltr' id='par_1_8' title="bbox 206 2070 1195 3286">
     <span class='ocr_line' id='line_1_12' title="bbox 256 2070 1195 2162; baseline 0.001 -22"><span class='ocrx_word' id='word_1_62' title='bbox 256 2077 293 2140; x_wconf 92' lang='lat' dir='ltr'><strong>In</strong></span> <span class='ocrx_word' id='word_1_63' title='bbox 317 2075 382 2140; x_wconf 93' lang='lat' dir='ltr'><strong>hoo</strong></span> <span class='ocrx_word' id='word_1_64' title='bbox 406 2071 539 2138; x_wconf 85' lang='lat' dir='ltr'><strong>foedere</strong></span> <span class='ocrx_word' id='word_1_65' title='bbox 563 2072 702 2137; x_wconf 88' lang='lat' dir='ltr'><strong>invicem</strong></span> <span class='ocrx_word' id='word_1_66' title='bbox 717 2070 862 2138; x_wconf 80' lang='lat' dir='ltr'><strong>defensio</strong></span> <span class='ocrx_word' id='word_1_67' title='bbox 879 2087 1095 2140; x_wconf 81' lang='lat' dir='ltr'><strong>mercatorum</strong></span> <span class='ocrx_word' id='word_1_68' title='bbox 1119 2097 1195 2162; x_wconf 78' lang='lat' dir='ltr'><strong>pro·</strong></span> 
     </span>
     <span class='ocr_line' id='line_1_13' title="bbox 212 2194 1195 2285; baseline 0.002 -22"><span class='ocrx_word' id='word_1_69' title='bbox 212 2198 365 2280; x_wconf 85' lang='lat' dir='ltr'><strong>mittitur,</strong></span> <span class='ocrx_word' id='word_1_70' title='bbox 391 2196 468 2260; x_wconf 89' lang='lat' dir='ltr'><strong>dum</strong></span> <span class='ocrx_word' id='word_1_71' title='bbox 490 2195 614 2261; x_wconf 89' lang='lat' dir='ltr'><strong>ratione</strong></span> <span class='ocrx_word' id='word_1_72' title='bbox 639 2195 828 2285; x_wconf 78' lang='lat' dir='ltr'><strong>Belgarum,</strong></span> <span class='ocrx_word' id='word_1_73' title='bbox 864 2219 883 2260; x_wconf 90' lang='lat' dir='ltr'><strong>a</strong></span> <span class='ocrx_word' id='word_1_74' title='bbox 908 2194 991 2263; x_wconf 88' lang='lat' dir='ltr'><strong>duce</strong></span> <span class='ocrx_word' id='word_1_75' title='bbox 1018 2196 1059 2262; x_wconf 91' lang='lat' dir='ltr'><strong>de</strong></span> <span class='ocrx_word' id='word_1_76' title='bbox 1088 2198 1195 2265; x_wconf 86' lang='lat' dir='ltr'><strong>Bouil-</strong></span> 
     </span>
     <span class='ocr_line' id='line_1_14' title="bbox 212 2318 1189 2410; baseline 0.001 -22"><span class='ocrx_word' id='word_1_77' title='bbox 212 2323 285 2406; x_wconf 90' lang='lat' dir='ltr'><strong>lon,</strong></span> <span class='ocrx_word' id='word_1_78' title='bbox 300 2320 433 2386; x_wconf 89' lang='lat' dir='ltr'><strong>nomine</strong></span> <span class='ocrx_word' id='word_1_79' title='bbox 448 2319 547 2408; x_wconf 81' lang='lat' dir='ltr'><strong>regis,</strong></span> <span class='ocrx_word' id='word_1_80' title='bbox 563 2319 717 2384; x_wconf 87' lang='lat' dir='ltr'><strong>nonnulla</strong></span> <span class='ocrx_word' id='word_1_81' title='bbox 733 2318 774 2384; x_wconf 87' lang='lat' dir='ltr'><strong>de</strong></span> <span class='ocrx_word' id='word_1_82' title='bbox 790 2337 971 2385; x_wconf 87' lang='lat' dir='ltr'><strong>mercatura</strong></span> <span class='ocrx_word' id='word_1_83' title='bbox 988 2319 1098 2388; x_wconf 87' lang='lat' dir='ltr'><strong>addita</strong></span> <span class='ocrx_word' id='word_1_84' title='bbox 1112 2323 1189 2410; x_wconf 84' lang='lat' dir='ltr'><strong>sint,</strong></span> 
     </span>
     <span class='ocr_line' id='line_1_15' title="bbox 211 2442 1191 2538; baseline 0 -25"><span class='ocrx_word' id='word_1_85' title='bbox 211 2470 294 2538; x_wconf 83' lang='lat' dir='ltr'><strong>quae</strong></span> <span class='ocrx_word' id='word_1_86' title='bbox 307 2445 516 2512; x_wconf 83' lang='lat' dir='ltr'><strong>constituunt:</strong></span> <span class='ocrx_word' id='word_1_87' title='bbox 529 2459 564 2509; x_wconf 91' lang='lat' dir='ltr'><strong>ut</strong></span> <span class='ocrx_word' id='word_1_88' title='bbox 580 2442 619 2509; x_wconf 91' lang='lat' dir='ltr'><strong>ad</strong></span> <span class='ocrx_word' id='word_1_89' title='bbox 637 2444 809 2509; x_wconf 85' lang='lat' dir='ltr'><strong>amicitiam</strong></span> <span class='ocrx_word' id='word_1_90' title='bbox 825 2443 1075 2511; x_wconf 81' lang='lat' dir='ltr'><strong>conservandam</strong></span> <span class='ocrx_word' id='word_1_91' title='bbox 1086 2458 1119 2512; x_wconf 89' lang='lat' dir='ltr'><strong>et</strong></span> <span class='ocrx_word' id='word_1_92' title='bbox 1136 2471 1191 2514; x_wconf 83' lang='lat' dir='ltr'><strong>au·</strong></span> 
     </span>
     <span class='ocr_line' id='line_1_16' title="bbox 210 2568 1192 2664; baseline -0.002 -24"><span class='ocrx_word' id='word_1_93' title='bbox 210 2571 348 2664; x_wconf 83' lang='lat' dir='ltr'><strong>gendam</strong></span> <span class='ocrx_word' id='word_1_94' title='bbox 370 2585 403 2636; x_wconf 89' lang='lat' dir='ltr'><strong>et</strong></span> <span class='ocrx_word' id='word_1_95' title='bbox 427 2569 657 2634; x_wconf 85' lang='lat' dir='ltr'><strong>commercium</strong></span> <span class='ocrx_word' id='word_1_96' title='bbox 679 2568 935 2658; x_wconf 82' lang='lat' dir='ltr'><strong>promovendum</strong></span> <span class='ocrx_word' id='word_1_97' title='bbox 958 2569 1026 2660; x_wconf 85' lang='lat'><strong>(2),</strong></span> <span class='ocrx_word' id='word_1_98' title='bbox 1061 2573 1192 2662; x_wconf 86' lang='lat' dir='ltr'><strong>antiqua</strong></span> 
     </span>
     <span class='ocr_line' id='line_1_17' title="bbox 210 2691 1191 2787; baseline -0.002 -24"><span class='ocrx_word' id='word_1_99' title='bbox 210 2711 304 2787; x_wconf 81' lang='lat' dir='ltr'><strong>pecta</strong></span> <span class='ocrx_word' id='word_1_100' title='bbox 315 2711 349 2762; x_wconf 85' lang='lat' dir='ltr'><strong>et</strong></span> <span class='ocrx_word' id='word_1_101' title='bbox 360 2693 526 2784; x_wconf 80' lang='lat' dir='ltr'><strong>privilegia</strong></span> <span class='ocrx_word' id='word_1_102' title='bbox 541 2713 693 2758; x_wconf 84' lang='lat' dir='ltr'><strong>concessa</strong></span> <span class='ocrx_word' id='word_1_103' title='bbox 709 2691 987 2776; x_wconf 84' lang='lat' dir='ltr'><strong>confirmarentur,</strong></span> <span class='ocrx_word' id='word_1_104' title='bbox 1005 2707 1099 2780; x_wconf 85' lang='lat' dir='ltr'><strong>atque</strong></span> <span class='ocrx_word' id='word_1_105' title='bbox 1114 2693 1191 2762; x_wconf 92' lang='lat' dir='ltr'><strong>lioe·</strong></span> 
     </span>
     <span class='ocr_line' id='line_1_18' title="bbox 208 2815 1189 2912; baseline 0 -24"><span class='ocrx_word' id='word_1_106' title='bbox 208 2837 258 2888; x_wconf 85' lang='lat' dir='ltr'><strong>ret</strong></span> <span class='ocrx_word' id='word_1_107' title='bbox 278 2819 427 2909; x_wconf 79' lang='lat' dir='ltr'><strong>navigare</strong></span> <span class='ocrx_word' id='word_1_108' title='bbox 447 2833 480 2883; x_wconf 88' lang='lat' dir='ltr'><strong>et</strong></span> <span class='ocrx_word' id='word_1_109' title='bbox 499 2817 637 2884; x_wconf 85' lang='lat' dir='ltr'><strong>mercari</strong></span> <span class='ocrx_word' id='word_1_110' title='bbox 659 2815 773 2883; x_wconf 86' lang='lat' dir='ltr'><strong>iisdem</strong></span> <span class='ocrx_word' id='word_1_111' title='bbox 791 2817 916 2903; x_wconf 87' lang='lat' dir='ltr'><strong>juribus</strong></span> <span class='ocrx_word' id='word_1_112' title='bbox 933 2839 973 2882; x_wconf 87' lang='lat' dir='ltr'><strong>ac</strong></span> <span class='ocrx_word' id='word_1_113' title='bbox 990 2818 1049 2908; x_wconf 87' lang='lat' dir='ltr'><strong>ipsi</strong></span> <span class='ocrx_word' id='word_1_114' title='bbox 1065 2817 1189 2912; x_wconf 82' lang='lat' dir='ltr'><strong>indige·</strong></span> 
     </span>
     <span class='ocr_line' id='line_1_19' title="bbox 207 2940 1187 3032; baseline -0.001 -18"><span class='ocrx_word' id='word_1_115' title='bbox 207 2970 282 3028; x_wconf 86' lang='lat' dir='ltr'><strong>nae,</strong></span> <span class='ocrx_word' id='word_1_116' title='bbox 306 2946 353 3011; x_wconf 89' lang='lat' dir='ltr'><strong>uti</strong></span> <span class='ocrx_word' id='word_1_117' title='bbox 374 2946 471 3010; x_wconf 84' lang='lat' dir='ltr'><strong>etiam</strong></span> <span class='ocrx_word' id='word_1_118' title='bbox 496 2940 654 3025; x_wconf 86' lang='lat' dir='ltr'><strong>vendere,</strong></span> <span class='ocrx_word' id='word_1_119' title='bbox 683 2964 811 3024; x_wconf 87' lang='lat' dir='ltr'><strong>emere,</strong></span> <span class='ocrx_word' id='word_1_120' title='bbox 840 2957 1059 3032; x_wconf 84' lang='lat' dir='ltr'><strong>transportare</strong></span> <span class='ocrx_word' id='word_1_121' title='bbox 1075 2967 1187 3013; x_wconf 90' lang='lat' dir='ltr'><strong>omnes</strong></span> 
     </span>
     <span class='ocr_line' id='line_1_20' title="bbox 206 3067 1186 3158; baseline -0.004 -19"><span class='ocrx_word' id='word_1_122' title='bbox 206 3094 346 3155; x_wconf 87' lang='lat' dir='ltr'><strong>merces,</strong></span> <span class='ocrx_word' id='word_1_123' title='bbox 371 3069 466 3135; x_wconf 82' lang='lat' dir='ltr'><strong>nullia</strong></span> <span class='ocrx_word' id='word_1_124' title='bbox 485 3067 554 3134; x_wconf 86' lang='lat' dir='ltr'><strong>aliis</strong></span> <span class='ocrx_word' id='word_1_125' title='bbox 569 3067 681 3132; x_wconf 87' lang='lat' dir='ltr'><strong>solutis</strong></span> <span class='ocrx_word' id='word_1_126' title='bbox 696 3067 924 3158; x_wconf 78' lang='lat' dir='ltr'><strong>vectigalibus,</strong></span> <span class='ocrx_word' id='word_1_127' title='bbox 947 3090 1045 3156; x_wconf 85' lang='lat' dir='ltr'><strong>quarn</strong></span> <span class='ocrx_word' id='word_1_128' title='bbox 1065 3069 1186 3136; x_wconf 83' lang='lat' dir='ltr'><strong>fuciunt</strong></span> 
     </span>
     <span class='ocr_line' id='line_1_21' title="bbox 206 3192 1156 3286; baseline -0.002 -22"><span class='ocrx_word' id='word_1_129' title='bbox 206 3197 332 3264; x_wconf 89' lang='lat' dir='ltr'><strong>in&#39;colae</strong></span> <span class='ocrx_word' id='word_1_130' title='bbox 346 3195 503 3286; x_wconf 76' lang='lat' dir='ltr'><strong>regionis,</strong></span> <span class='ocrx_word' id='word_1_131' title='bbox 521 3193 708 3284; x_wconf 84' lang='lat' dir='ltr'><strong>provinciae</strong></span> <span class='ocrx_word' id='word_1_132' title='bbox 723 3193 775 3259; x_wconf 86' lang='lat' dir='ltr'><strong>vel</strong></span> <span class='ocrx_word' id='word_1_133' title='bbox 792 3193 881 3260; x_wconf 78' lang='lat' dir='ltr'><strong>urbis</strong></span> <span class='ocrx_word' id='word_1_134' title='bbox 896 3194 951 3259; x_wconf 91' lang='lat' dir='ltr'><strong>ubi</strong></span> <span class='ocrx_word' id='word_1_135' title='bbox 967 3208 1081 3284; x_wconf 85' lang='lat' dir='ltr'><strong>agatur</strong></span> <span class='ocrx_word' id='word_1_136' title='bbox 1094 3192 1156 3280; x_wconf 81' lang='grc'><strong>(3).</strong></span> 
     </span>
    </p>
   </div>
   <div class='ocr_carea' id='block_1_9' title="bbox 138 3532 1189 3855">
    <p class='ocr_par' dir='ltr' id='par_1_9' title="bbox 138 3532 1189 3691">
     <span class='ocr_line' id='line_1_22' title="bbox 138 3532 1189 3602; baseline 0.001 -18"><span class='ocrx_word' id='word_1_137' title='bbox 138 3577 140 3584; x_wconf 28' lang='lat'><strong>⁴</strong></span> <span class='ocrx_word' id='word_1_138' title='bbox 240 3535 278 3602; x_wconf 84' lang='lat' dir='ltr'><strong>(l)</strong></span> <span class='ocrx_word' id='word_1_139' title='bbox 296 3533 345 3583; x_wconf 79' lang='lat' dir='ltr'><strong>tit.</strong></span> <span class='ocrx_word' id='word_1_140' title='bbox 364 3532 452 3583; x_wconf 76' lang='lat' dir='ltr'><strong>Focdur</strong></span> <span class='ocrx_word' id='word_1_141' title='bbox 469 3533 532 3601; x_wconf 77' lang='lat' dir='ltr'><strong>apat</strong></span> <span class='ocrx_word' id='word_1_142' title='bbox 548 3547 606 3595; x_wconf 81' lang='lat' dir='ltr'><strong>ron,</strong></span> <span class='ocrx_word' id='word_1_143' title='bbox 627 3534 684 3583; x_wconf 72' lang='grc' dir='ltr'><strong>Ναὶ.</strong></span> <span class='ocrx_word' id='word_1_144' title='bbox 704 3534 767 3584; x_wconf 87' lang='lat' dir='ltr'><strong>Oorl.</strong></span> <span class='ocrx_word' id='word_1_145' title='bbox 786 3536 811 3584; x_wconf 85' lang='lat' dir='ltr'><strong>o.</strong></span> <span class='ocrx_word' id='word_1_146' title='bbox 831 3535 873 3582; x_wconf 76' lang='lat'><strong>3³.</strong></span> <span class='ocrx_word' id='word_1_147' title='bbox 893 3535 937 3583; x_wconf 83' lang='lat'><strong>80.</strong></span> <span class='ocrx_word' id='word_1_148' title='bbox 953 3543 979 3582; x_wconf 84' lang='lat' dir='ltr'><strong>et</strong></span> <span class='ocrx_word' id='word_1_149' title='bbox 995 3548 1025 3584; x_wconf 86' lang='lat' dir='ltr'><strong>ou</strong></span> <span class='ocrx_word' id='word_1_150' title='bbox 1043 3547 1102 3585; x_wconf 78' lang='lat' dir='ltr'><strong>nom</strong></span> <span class='ocrx_word' id='word_1_151' title='bbox 1120 3535 1189 3602; x_wconf 83' lang='lat' dir='ltr'><strong>Gorps</strong></span> 
     </span>
     <span class='ocr_line' id='line_1_23' title="bbox 295 3618 617 3691; baseline -0.003 -22"><span class='ocrx_word' id='word_1_152' title='bbox 295 3618 354 3691; x_wconf 63' lang='lat' dir='ltr'><strong>dipl,</strong></span> <span class='ocrx_word' id='word_1_153' title='bbox 373 3621 399 3668; x_wconf 81' lang='grc'><strong>6.</strong></span> <span class='ocrx_word' id='word_1_154' title='bbox 418 3621 430 3668; x_wconf 82' lang='lat' dir='ltr'>l</span> <span class='ocrx_word' id='word_1_155' title='bbox 449 3619 498 3669; x_wconf 69' lang='lat'><strong>681</strong></span> <span class='ocrx_word' id='word_1_156' title='bbox 516 3630 540 3669; x_wconf 90' lang='lat' dir='ltr'><strong>et</strong></span> <span class='ocrx_word' id='word_1_157' title='bbox 556 3621 617 3670; x_wconf 76' lang='lat' dir='ltr'><strong>ott.</strong></span> 
     </span>
    </p>

    <p class='ocr_par' dir='ltr' id='par_1_10' title="bbox 239 3703 1187 3855">
     <span class='ocr_line' id='line_1_24' title="bbox 239 3703 1187 3770; baseline -0.003 -16"><span class='ocrx_word' id='word_1_158' title='bbox 239 3704 274 3770; x_wconf 70' lang='lat'><strong>(2)</strong></span> <span class='ocrx_word' id='word_1_159' title='bbox 291 3705 339 3754; x_wconf 70' lang='lat' dir='ltr'><strong>Art.</strong></span> <span class='ocrx_word' id='word_1_160' title='bbox 357 3708 373 3756; x_wconf 79' lang='lat' dir='ltr'><strong>t</strong></span> <span class='ocrx_word' id='word_1_161' title='bbox 388 3715 412 3754; x_wconf 87' lang='lat' dir='ltr'><strong>et</strong></span> <span class='ocrx_word' id='word_1_162' title='bbox 426 3707 452 3754; x_wconf 81' lang='lat'><strong>8.</strong></span> <span class='ocrx_word' id='word_1_163' title='bbox 467 3705 604 3755; x_wconf 71' lang='lat' dir='ltr'><strong>veritatum</strong></span> <span class='ocrx_word' id='word_1_164' title='bbox 621 3719 716 3753; x_wconf 78' lang='lat' dir='ltr'><strong>»omme</strong></span> <span class='ocrx_word' id='word_1_165' title='bbox 731 3711 754 3752; x_wconf 87' lang='lat' dir='ltr'><strong>te</strong></span> <span class='ocrx_word' id='word_1_166' title='bbox 769 3703 938 3766; x_wconf 82' lang='lat' dir='ltr'><strong>mtintineren,</strong></span> <span class='ocrx_word' id='word_1_167' title='bbox 952 3719 1115 3765; x_wconf 71' lang='lat' dir='ltr'><strong>conservem,</strong></span> <span class='ocrx_word' id='word_1_168' title='bbox 1130 3720 1187 3769; x_wconf 51' lang='lat' dir='ltr'><strong>au&amp;</strong></span> 
     </span>
     <span class='ocr_line' id='line_1_25' title="bbox 294 3787 1186 3855; baseline -0.002 -17"><span class='ocrx_word' id='word_1_169' title='bbox 294 3799 412 3839; x_wconf 83' lang='lat' dir='ltr'><strong>menteren</strong></span> <span class='ocrx_word' id='word_1_170' title='bbox 429 3790 487 3840; x_wconf 84' lang='lat' dir='ltr'><strong>ende</strong></span> <span class='ocrx_word' id='word_1_171' title='bbox 502 3801 525 3840; x_wconf 87' lang='lat' dir='ltr'><strong>te</strong></span> <span class='ocrx_word' id='word_1_172' title='bbox 541 3789 600 3839; x_wconf 84' lang='lat' dir='ltr'><strong>doen</strong></span> <span class='ocrx_word' id='word_1_173' title='bbox 614 3799 736 3838; x_wconf 65' lang='lat' dir='ltr'><strong>murman</strong></span> <span class='ocrx_word' id='word_1_174' title='bbox 757 3787 785 3837; x_wconf 84' lang='lat' dir='ltr'><strong>de</strong></span> <span class='ocrx_word' id='word_1_175' title='bbox 803 3787 976 3855; x_wconf 80' lang='lat' dir='ltr'><strong>vrundnchappe</strong></span> <span class='ocrx_word' id='word_1_176' title='bbox 992 3787 1050 3838; x_wconf 83' lang='lat' dir='ltr'><strong>ende</strong></span> <span class='ocrx_word' id='word_1_177' title='bbox 1069 3798 1092 3837; x_wconf 85' lang='lat' dir='ltr'><strong>te</strong></span> <span class='ocrx_word' id='word_1_178' title='bbox 1110 3804 1186 3836; x_wconf 85' lang='lat' dir='ltr'><strong>verze-</strong></span> 
     </span>
    </p>
   </div>
   <div class='ocr_carea' id='block_1_10' title="bbox 241 3873 774 4024">
    <p class='ocr_par' dir='ltr' id='par_1_11' title="bbox 241 3873 774 4024">
     <span class='ocr_line' id='line_1_26' title="bbox 293 3873 774 3941; baseline -0.004 -16"><span class='ocrx_word' id='word_1_179' title='bbox 293 3874 364 3926; x_wconf 82' lang='lat' dir='ltr'><strong>kereu</strong></span> <span class='ocrx_word' id='word_1_180' title='bbox 380 3873 409 3924; x_wconf 82' lang='lat' dir='ltr'><strong>de</strong></span> <span class='ocrx_word' id='word_1_181' title='bbox 429 3877 537 3941; x_wconf 83' lang='lat' dir='ltr'><strong>tratijken</strong></span> <span class='ocrx_word' id='word_1_182' title='bbox 554 3875 612 3927; x_wconf 84' lang='lat' dir='ltr'><strong>ende</strong></span> <span class='ocrx_word' id='word_1_183' title='bbox 631 3876 774 3925; x_wconf 78' lang='lat' dir='ltr'><strong>commercia.</strong></span> 
     </span>
     <span class='ocr_line' id='line_1_27' title="bbox 241 3955 406 4024; baseline 0.018 -18"><span class='ocrx_word' id='word_1_184' title='bbox 241 3955 277 4024; x_wconf 83' lang='lat' dir='ltr'><strong>(t)</strong></span> <span class='ocrx_word' id='word_1_185' title='bbox 295 3960 344 4010; x_wconf 79' lang='lat' dir='ltr'><strong>tn.</strong></span> <span class='ocrx_word' id='word_1_186' title='bbox 365 3963 406 4010; x_wconf 79' lang='grc' dir='ltr'><strong>ιο.</strong></span> 
     </span>
    </p>
   </div>
   <div class='ocr_carea' id='block_1_11' title="bbox 0 0 1558 5110">
    <p class='ocr_par' dir='ltr' id='par_1_12' title="bbox 0 0 1558 5110">
     <span class='ocr_line' id='line_1_28' title="bbox 0 0 1558 5110; baseline 0 8"><span class='ocrx_word' id='word_1_187' title='bbox 0 0 1558 5110; x_wconf 95' lang='lat' dir='ltr'><strong> </strong></span> 
     </span>
    </p>
   </div>
  </div>
 </body>
</html>
