3106 5110
848 447 893 513 52

381 709 395 750 1
416 699 449 749 et
469 684 492 748 6
511 681 600 771 pacti
616 679 689 745 anni
712 676 807 766 1713.
827 678 897 742 Art.
918 700 936 739 a
963 690 995 740 et
1012 672 1031 738 3
1053 695 1126 739 oum
1145 675 1214 739 Art.
1236 697 1256 762 7
1273 691 1305 740 et
1322 677 1358 760 8,

376 807 448 873 Art.
462 811 569 885 deum
587 807 659 871 Art.
669 803 819 893 singulari
836 801 876 866 de
892 798 1041 890 vectigali
1057 800 1228 889 abrogato,
1248 802 1318 868 Art.
1339 802 1358 866 5

378 954 451 996 eum
468 932 537 995 Art.
555 952 590 1017 9,
608 933 680 997 Art.
700 931 719 994 8
737 951 809 994 oum
828 929 898 993 Art.
921 949 970 1002 rr,
990 925 1060 990 Art.
1077 945 1098 1010 9
1117 947 1191 989 cunr
1208 926 1280 992 Art.
1305 947 1357 1009 ro,

376 1056 449 1122 Art.
474 1077 512 1120 ιο
531 1070 564 1119 et
586 1077 621 1120 ιι
645 1076 718 1119 cum
736 1055 806 1119 Art.
830 1074 867 1115 ra
883 1066 917 1116 et
937 1048 988 1131 13,
1007 1051 1077 1114 Art.
1099 1048 1138 1115 13
1154 1071 1229 1114 cum
1247 1052 1318 1117 Art.
1339 1051 1357 1116 5

375 1195 408 1245 et
428 1178 487 1261 16,
505 1179 577 1246 Art.
600 1199 787 1266 ra·27cum
810 1178 880 1242 Art.
910 1172 1028 1255 1530,
1054 1174 1128 1240 Art.
1156 1171 1257 1238 30-32
1285 1197 1360 1240 oum
1397 1148 1411 1170 ⁸

375 1305 447 1370 Art.
468 1301 591 1387 'tr-33,
609 1303 680 1368 Art.
708 1301 750 1366 33
775 1325 848 1366 cum
871 1302 943 1365 Art.
962 1321 981 1363 2
1002 1315 1036 1364 et
1057 1304 1094 1380 4,
1113 1301 1185 1366 Art.
1205 1299 1247 1381 34
1264 1317 1297 1366 et
1314 1301 1355 1368 3⁵

376 1449 450 1492 eum
462 1428 535 1492 Art.
555 1423 596 1492 35
613 1441 646 1490 et
662 1424 720 1508 36,
733 1426 805 1492 Art.
819 1425 862 1490 36
878 1446 952 1490 cum
961 1425 1033 1488 Art.
1053 1422 1113 1509 39,
1133 1424 1204 1488 Art.
1225 1424 1267 1514 37
1285 1449 1360 1492 oum

376 1553 450 1620 Art.
477 1556 516 1631 ι4
536 1552 609 1616 Art.
628 1549 690 1631 38,
708 1573 781 1614 cum
798 1551 870 1615 Art.
890 1547 944 1636 37,
961 1550 1032 1615 Art.
1052 1546 1095 1635 39
1113 1571 1186 1613 oum
1200 1551 1273 1617 Art.
1298 1550 1358 1634 34,

376 1677 448 1744 Art.
462 1679 506 1756 4ο
524 1698 598 1740 cum
610 1676 682 1767 Art.
701 1673 760 1752 38,
779 1675 851 1739 Art.
868 1673 969 1752 41·43
987 1696 1061 1738 cum
1070 1675 1143 1742 Art.
1154 1677 1267 1759 4ο-4α,
1286 1680 1357 1744 Art.

380 1802 423 1881 46
440 1817 472 1889 et
487 1805 530 1889 47
547 1823 621 1866 cum
640 1803 710 1866 Art.
727 1798 770 1880 43
788 1815 821 1864 et
837 1802 892 1878 44.

422 1923 522 2006 Quod
537 1923 580 1988 ad
598 1924 678 2006 alia,
703 1923 745 1989 de
764 1925 878 2013 quibus
899 1926 1063 2014 prioribus
1087 1929 1188 2015 pactis
1209 1949 1274 1993 non
1294 1930 1360 2019 agi·

377 2067 447 2134 tur,
472 2049 637 2115 constituit
659 2065 808 2138 paetum:
843 2051 949 2139 Agant
966 2052 1145 2116 nauarchae
1173 2067 1205 2116 et
1231 2075 1352 2118 meroa-

378 2193 464 2242 tores
479 2177 608 2265 negotia
623 2196 683 2262 per
697 2197 731 2240 se
745 2174 849 2262 ipsos,
866 2196 928 2238 nee
944 2189 1101 2265 cogantur
1118 2175 1191 2241 alias
1202 2199 1354 2266 personas

378 2301 531 2369 adhibere
550 2320 648 2386 (pram
668 2299 729 2386 ipsi
750 2299 869 2380 velint,
895 2320 937 2363 ne
955 2297 1025 2363 ilias
1047 2299 1177 2387 qrridem
1200 2323 1279 2388 quae
1299 2325 1357 2390 pu·

377 2424 465 2490 blica
487 2422 677 2487 auctoritate
699 2419 855 2486 admissae
876 2418 1012 2508 sint(1).

423 2549 512 2614 luter
526 2546 722 2612 nauarcham
737 2560 770 2610 et
786 2560 897 2610 nautas
916 2545 943 2609 si
960 2549 1197 2614 controversiae
1220 2549 1272 2616 vel
1288 2549 1359 2616 lites

379 2673 421 2740 de
439 2669 589 2738 mercede
610 2669 763 2736 solvendo
784 2671 880 2759 (pour
897 2671 1005 2734 raison
1022 2668 1078 2736 des
1094 2673 1234 2763 salaires)
1257 2673 1357 2740 aliave

380 2797 421 2862 de
441 2819 534 2862 eausa
554 2795 715 2877 oriantur,
740 2794 942 2884 Magistratus
962 2794 1027 2859 loci
1045 2797 1159 2880 jubeat
1174 2820 1232 2862 reo
1256 2799 1358 2863 actori

382 2921 536 3008 seriptum
550 2917 696 3000 tradere,
714 2941 778 3005 quo
800 2919 968 3007 promittat
985 2942 1019 2984 se
1040 2919 1081 2986 de
1095 2924 1280 3009 quaestione
1295 2945 1361 2990 res·

384 3065 559 3134 ponsurum
574 3041 607 3104 in
621 3042 725 3129 patria
740 3037 910 3124 reducem,
921 3040 1079 3109 seditione
1093 3066 1172 3110 vero
1189 3057 1276 3129 orta,
1290 3070 1367 3113 nau·

386 3170 479 3234 oham
501 3165 629 3252 adjuvet
643 3162 706 3253 (a).
753 3163 861 3229 Naves
884 3189 926 3232 ne
954 3167 1117 3253 subjectae
1140 3169 1204 3235 sint
1229 3153 1367 3238 decretis

398 3367 640 3377 -.----—-·--..
648 3369 712 3376 -ι--η

424 3478 460 3546 (1)
478 3479 498 3528 11
511 3493 560 3526 sera
577 3479 727 3527 entierement
744 3477 803 3528 libre
819 3483 832 3527 d
846 3489 897 3528 tons
913 3480 948 3529 les
961 3480 1111 3545 marchands,
1122 3484 1262 3550 capitanea,
1279 3486 1372 3535 maiuer

478 3562 507 3612 de
522 3564 640 3612 vaisseaux
650 3573 674 3611 et
682 3573 759 3611 autres
775 3564 848 3626 sujets
862 3563 903 3611 des
916 3551 978 3613 litata
989 3565 1109 3616 Gdneraux
1124 3565 1180 3615 dons
1195 3577 1247 3617 tous
1259 3567 1293 3618 les
1305 3569 1373 3619 lieux

480 3643 508 3692 de
527 3643 551 3692 la
569 3644 653 3692 Franco
672 3643 701 3692 de
718 3646 799 3693 traiter
815 3646 877 3694 leurs
895 3645 985 3696 affairea
1009 3665 1051 3716 par
1069 3665 1115 3698 eux
1140 3650 1239 3714 memes,
1263 3669 1294 3701 ou
1317 3651 1373 3701 d’en

479 3725 575 3792 charge
589 3727 632 3792 qni
649 3724 696 3774 bon
715 3726 767 3775 leur
785 3728 897 3779 semblera
911 3740 934 3779 et
949 3732 980 3781 iu
995 3748 1025 3780 ne
1042 3742 1119 3782 serant
1133 3743 1202 3782 tenus
1216 3733 1245 3784 de
1260 3751 1283 3783 ss
1300 3736 1373 3784 servir

477 3805 579 3859 d'auenn
594 3809 735 3876 interprite,
752 3813 869 3874 courtier,
887 3813 991 3877 saoteur,
1009 3817 1035 3864 ni
1050 3827 1129 3865 autres
1145 3833 1267 3882 personans
1276 3818 1376 3868 etsblies

478 3898 539 3943 teet
554 3892 611 3943 effst
626 3910 670 3960 prr
685 3895 785 3943 estoritt
801 3894 930 3963 publique‚
947 3901 972 3950 ni
988 3899 1016 3948 de
1032 3899 1085 3950 leur
1101 3917 1257 3969 payerauoun
1273 3903 1374 3965 selein,

478 3993 537 4044 pour
551 3975 653 4028 declarat
669 3977 732 4026 leurs
748 3979 836 4027 navim
852 3989 896 4028 oet.

421 4060 457 4130 (a)
475 4064 524 4112 tra.
544 4062 560 4109 t
578 4069 602 4108 et
619 4061 643 4110 t.
