3106 5110
677 375 721 444 ts

256 601 408 690 Tempore
423 601 496 668 bella·
510 611 595 669 inter
608 611 694 694 ipsos
709 605 940 672 contrahentes.
975 608 1100 674 Novem
1114 607 1190 674 den·

207 737 261 788 tur
282 746 420 804 menses,
445 727 530 792 intra
549 749 629 816 quos
650 729 772 794 civibus
787 729 948 818 proficisci
964 747 997 796 et
1011 754 1135 800 merces
1150 756 1190 800 ae

208 849 296 915 bona
311 867 528 941 transportare
541 853 633 920 licet.

251 976 299 1040 Ex
312 975 374 1039 illis
385 980 452 1062 jam
462 980 570 1043 statim
585 994 729 1068 apparet,
746 981 797 1065 jus
806 979 1001 1045 maritimum
1014 983 1077 1046 hac
1087 995 1191 1048 aetate

208 1097 249 1164 ad
265 1124 413 1190 magnam
428 1104 609 1191 pervenisse
623 1103 875 1192 perfectionem,
901 1119 935 1169 et
951 1105 1083 1192 antiquo
1099 1105 1191 1191 hujus

207 1229 332 1316 generis
355 1229 489 1292 omnino
513 1229 731 1317 praestitisse,
757 1225 797 1291 ad
823 1226 1030 1315 quodetiam
1055 1227 1191 1293 multum

209 1352 346 1417 contulit
366 1351 518 1417 Edictum
542 1353 595 1418 vel
616 1354 724 1441 potius
743 1354 882 1434 Lexilla
898 1354 1034 1419 celebris
1050 1375 1070 1417 a
1087 1375 1192 1418 nuno·

209 1493 286 1537 vaco
305 1495 361 1540 arv
382 1495 469 1538 anuo
495 1475 575 1541 1681
597 1475 801 1565 promulgata
818 1474 882 1564 (a),
908 1474 1028 1564 quade
1044 1475 1193 1540 omnibns

209 1596 305 1662 rebus
334 1600 595 1688 navigationem,
633 1617 847 1666 mercaturam
876 1617 909 1667 et
935 1599 1192 1688 jurisdictionem

207 1723 402 1788 maritimam
418 1726 635 1813 spectantibus
651 1740 801 1808 cavetur,
825 1747 982 1813 quamque
998 1745 1110 1790 omnes
1125 1723 1194 1790 lere

207 1847 321 1936 populi
338 1871 487 1914 normam
504 1865 536 1914 et
551 1850 733 1940 exemplum
749 1851 856 1940 legum
871 1873 1000 1916 suarum
1017 1849 1194 1916 maritima·

207 1995 279 2040 rum
300 1975 334 2039 in
354 1985 520 2065 posterum
539 1976 734 2043 habuerunt.
753 2013 796 2030 -
811 1977 983 2042 Praeterea
1001 1973 1088 2062 leges
1108 1971 1192 2038 anti·

208 2121 289 2188 quae
301 2123 459 2166 annorum
472 2098 555 2180 1543
565 2115 598 2166 et
611 2099 706 2184 1584,
716 2123 735 2164 a
747 2101 862 2188 quibus
871 2098 1042 2187 Belgarum
1053 2096 1190 2178 ratione,

208 2247 453 2313 nonnumquam
473 2247 631 2290 recessum
647 2241 714 2307 est,
738 2226 799 2290 hac
815 2240 920 2289 aetate
935 2245 1039 2312 poene
1056 2221 1193 2310 abroga-

208 2365 261 2416 tae
282 2361 354 2415 sunt
373 2371 432 2439 per
446 2348 578 2414 foedera
594 2333 701 2430 inita,
716 2370 754 2413 ac
771 2351 881 2439 regula
896 2348 1046 2432 invaluit:
1073 2347 1191 2412 Libera

201 2474 312 2558 navis,
340 2475 444 2540 libera
462 2497 571 2559 merx,
598 2473 695 2540 Navis
715 2473 856 2558 hostilis,
881 2497 971 2540 merx
989 2471 1114 2538 hostilis
1132 2470 1191 2560 (Le

208 2601 317 2665 navire
333 2623 452 2666 couvre
464 2600 496 2664 la
510 2597 705 2688 cargaison);
722 2612 769 2681 et,
786 2599 929 2685 quamvis
939 2599 974 2661 in
988 2596 1107 2662 celebri
1119 2594 1191 2683 lege

208 2723 283 2788 anni
302 2721 679 2812 1681(2)adhucregula
695 2722 840 2809 antiqua:
855 2722 921 2786 »La
933 2721 1014 2787 robe
1028 2719 1190 2785 d’ennemi

209 2847 374 2936 oculisque
388 2846 419 2912 la
434 2845 657 2913 marchandise
674 2863 706 2912 et
721 2846 753 2912 le
766 2848 907 2913 vaisseau
919 2845 1018 2931 ami',
1035 2854 1190 2912 renovata

207 2972 265 3054 sit,
288 2971 411 3035 nullum
430 2993 468 3036 ea
490 2970 642 3036 effectum
658 2993 733 3061 erga
749 2970 860 3061 Belgas
876 2971 1023 3036 habuisse
1044 2985 1189 3054 constat,

207 3119 281 3164 cum
297 3097 378 3160 etin
395 3112 491 3185 paeto
505 3097 581 3161 anni
599 3094 681 3184 1678
697 3112 731 3161 et
746 3098 821 3184 anni
841 3097 924 3185 1697
942 3098 1129 3186 abrogatur.

250 3221 436 3287 Mercatura
456 3221 569 3305 etiam,
590 3222 653 3286 hac
672 3237 795 3308 aetate,
821 3245 895 3287 oum
909 3221 1010 3287 Gallis
1026 3221 1069 3286 ad
1087 3222 1188 3285 araxi-

206 3367 294 3411 mum
316 3345 463 3436 pervenit
484 3343 689 3434 splendorem
711 3361 745 3410 et
768 3347 802 3409 in
826 3345 916 3434 omni
937 3345 1006 3411 fere
1031 3347 1188 3412 mercium

243 3731 279 3800 (1)
296 3731 347 3782 tid.
364 3730 393 3782 de
405 3732 449 3782 illa
464 3732 516 3800 lega
531 3749 589 3800 opus
604 3733 701 3783 celebre:
721 3735 832 3786 llonreau
854 3739 1014 3787 commentaire
1031 3754 1070 3787 sar
1085 3735 1193 3787 l’Ordon-

298 3833 370 3866 nance
383 3815 412 3865 (le
430 3816 453 3867 la
469 3820 557 3867 marine
576 3817 605 3866 de
625 3818 673 3868 l'an
691 3821 756 3869 1681
776 3838 819 3888 par
833 3835 877 3870 sos.
893 3836 962 3870 vnum
979 3823 1017 3871 4⁰.
1036 3823 1112 3873 1760.

242 3900 277 3967 (2)
295 3900 346 3950 tit.
365 3901 410 3951 Tit.
430 3905 470 3950 11.
488 3905 538 3951 Art.
556 3907 579 3954 7.
598 3903 657 3971 legis
675 3905 762 3953 navalis
780 3905 843 3972 apud
869 3907 965 3957 llecaeil
990 3907 1047 3956 Gen.
1078 3907 1118 3958 (les
1140 3925 1192 3959 ano.

298 3983 341 4034 loia
361 3985 448 4049 Fraus,
464 3987 527 4038 Tum.
547 3989 587 4038 ts.
607 4004 659 4055 pag.
676 3990 798 4039 28³·306.
