3106 5110
669 405 708 472 ³1

203 641 288 706 intra
309 636 388 704 illud
412 653 554 726 ternpus,
580 635 694 702 auxilia
719 635 862 701 alterutri
891 635 954 700 sint
978 633 1189 724 praestanda,
1273 711 1275 720 X

203 761 317 828 foedus
338 764 404 827 vim
428 762 470 828 ad
492 761 589 828 finem
611 761 691 828 belli
714 761 898 826 habiturum
916 759 976 848 (r).

247 883 431 972 Sequuntur
459 885 618 950 formulae
646 885 847 967 litterarum,
879 906 959 970 quae
986 907 1024 949 ex
1050 887 1120 952 Art.
1148 885 1189 952 33

201 1011 422 1099 requiruntur,
447 1027 480 1076 et
497 1027 586 1076 actus
603 1008 832 1096 jurisjurandi,
859 1007 947 1096 quod
964 1011 1118 1100 praestari
1137 1010 1192 1076 de·

200 1142 312 1225 betur,
334 1165 407 1208 curn
430 1143 584 1209 nonnulla
608 1142 649 1208 de
673 1165 809 1207 numero
840 1142 978 1206 militum
1006 1156 1039 1207 et
1064 1144 1190 1208 navium

202 1281 236 1334 et
258 1267 299 1334 de
321 1269 421 1334 rnodo
445 1293 510 1359 quo
534 1268 658 1334 bellurn
679 1283 826 1357 geratur,
854 1266 1026 1334 adduntur.

247 1393 433 1477 Praeterea,
451 1391 575 1458 foederi
593 1391 773 1482 adjungitur
789 1392 952 1458 Articulus
968 1393 1135 1482 singularis
1150 1394 1191 1459 de

202 1514 351 1604 vectigali
374 1512 416 1580 50
432 1514 610 1580 solidorum
625 1513 771 1603 (a)‚1per
795 1537 890 1603 quern
907 1514 1070 1581 receditur
1086 1516 1127 1581 ab
1141 1540 1191 1583 ar·

204 1640 304 1706 ticulo
326 1662 388 1723 ao,
417 1663 456 1706 ex
482 1662 546 1727 qno
570 1641 651 1705 nihil
676 1639 762 1706 aliud
788 1641 892 1731 Belgis
913 1657 982 1707 erat
1004 1642 1192 1709 solvendum

202 1787 241 1830 ac
263 1764 339 1853 ipsis
367 1763 504 1847 incolis,
537 1787 612 1828 cum
635 1787 695 1853 per
721 1764 811 1828 illurn
834 1766 872 1829 iis
895 1766 1073 1855 injungitur
1093 1771 1191 1834 vecti·

203 1889 255 1982 gal
275 1887 316 1955 50
333 1887 510 1955 solidorum
526 1890 740 1977 cujuscunque
757 1885 877 1970 modii,
896 1874 985 1976 quod
1001 1889 1088 1954 navis
1105 1889 1190 1958 ferre

203 2029 344 2105 poterat,
362 2014 497 2097 solvere,
512 2014 572 2079 nisi
590 2015 654 2078 hoc
671 2036 711 2079 ex
721 2012 946 2079 benevolentia
960 2017 1043 2104 regis
1054 2032 1191 2084 mutare·

204 2155 271 2223 tur,
294 2141 349 2228 qui
372 2139 502 2228 quidem
523 2140 577 2206 hic
600 2140 745 2229 excepit,
770 2154 807 2204 ut
832 2139 913 2204 illud
936 2155 1062 2206 tanturn
1090 2165 1109 2207 a
1137 2167 1191 2210 na·

205 2266 296 2331 vibus
310 2266 447 2356 Belgicis
464 2263 581 2347 semel,
605 2286 624 2328 e
641 2280 738 2352 portu
753 2262 1046 2353 proficiscentibus,
1064 2287 1131 2332 non
1143 2267 1189 2333 ibi

205 2387 414 2466 intrantibus,
438 2400 619 2475 peteretur,
640 2401 673 2451 et
688 2401 723 2450 ut
741 2407 854 2469 naves,
875 2386 940 2453 sale
958 2405 1124 2474 oneratae,
1142 2390 1190 2456 di·

206 2512 341 2580 midium
365 2522 492 2578 tanturn
515 2512 678 2603 vectigalis
702 2511 867 2582 deberent.

248 2639 323 2704 Fuit
343 2639 427 2721 boc,
452 2637 539 2727 quod
562 2638 662 2703 bbere
679 2639 863 2729 republica,
888 2640 1028 2724 primum
1044 2643 1112 2705 veri
1130 2665 1188 2708 no·

203 2765 298 2830 minis
323 2786 398 2829 cum
423 2762 521 2830 Gallis
547 2775 679 2853 pactum
709 2766 896 2831 commercii
921 2781 954 2832 et
979 2767 1189 2857 navigationis

204 2889 269 2956 dici
297 2905 428 2980 potest,
465 2911 539 2956 curn
570 2912 629 2973 ea,
663 2912 744 2979 quae
769 2893 837 2977 jam
858 2902 953 2957 antea
977 2907 1069 2957 erant
1088 2892 1186 2978 inita,

203 3016 357 3083 nonnulla
383 3013 605 3080 tantummodo
633 3016 799 3107 privilegia
825 3039 975 3083 concessa
999 3017 1051 3082 vel
1074 3041 1189 3110 excep·

203 3143 307 3208 tiones
333 3142 373 3206 ab
396 3140 532 3229 antiquis
556 3139 678 3205 Edictis
701 3142 930 3209 continuerint.
978 3141 1119 3208 Disserui
1146 3142 1187 3210 de

202 3268 260 3334 illo
292 3266 390 3359 paulo
421 3266 533 3350 latius,
568 3269 642 3356 quia
673 3266 918 3333 tundamentum
948 3269 1010 3333 fuit
1042 3270 1187 3334 omnium

202 3392 320 3462 deinde
332 3393 531 3482 sequentium
549 3408 582 3457 et
598 3388 770 3481 stipulandi
786 3414 916 3475 norma,
934 3414 1006 3456 curn
1019 3409 1184 3481 praeterea

203 3519 328 3603 omnia,
345 3517 386 3583 de
402 3518 515 3606 quibus
531 3517 660 3605 antiqua
674 3517 767 3603 hujus
783 3517 907 3605 generis
924 3533 1018 3606 pacta
1033 3537 1181 3610 egerunt,

241 3775 276 3842 n)
294 3775 342 3824 sa.
360 3773 448 3821 nna.

241 3859 278 3927 (2)
295 3857 381 3908 Artiele
399 3857 479 3923 separe
495 3856 606 3908 touchant
621 3859 772 3927 l'imposition
787 3859 817 3910 tle
835 3862 957 3928 cinquante
972 3860 1017 3909 sols
1033 3877 1075 3926 par
1088 3869 1189 3910 tonneau

295 3960 335 3993 tur
347 3943 381 3992 lea
393 3944 482 3991 navim
494 3942 608 4011 tuangers
621 3955 719 3996 sortants
730 3945 770 3996 des
783 3955 845 4012 ports
860 3945 888 3994 de
903 3946 994 3993 France.
1025 3943 1080 3992 tite
1091 3957 1120 3994 tu
1129 3958 1189 3994 noar

296 4047 316 4076 o.
337 4027 354 4076 l.
373 4028 397 4075 θ.
413 4029 430 4074 2
446 4028 504 4075 ⁴18.
