3106 5110
857 435 899 502 tt

836 663 924 730 XIV.
976 732 979 736 .

432 798 549 864 Omnia
577 795 710 862 foedera
730 793 771 860 de
791 790 954 858 tradendis
971 791 1140 856 criminum
1163 787 1368 876 auctoribus,

388 947 462 992 cum
486 924 600 990 exteris
626 920 753 1012 populis
776 919 872 1003 inita,
898 915 1073 983 secundum
1098 933 1241 983 nostram
1264 918 1370 1008 legem

386 1049 657 1117 fundamentalem
679 1047 845 1137 illegitima
870 1059 954 1110 sunt.

839 1169 912 1237 XV.

432 1302 487 1365 Ius
502 1297 581 1364 fiseo
597 1321 636 1363 ex
645 1298 717 1364 Art.
733 1296 775 1362 33
787 1298 825 1364 C.
840 1295 878 1362 C.
892 1293 934 1363 G.
948 1309 1153 1386 competens,
1171 1297 1267 1362 etiam
1283 1317 1372 1363 nunc

387 1442 461 1517 post
477 1425 661 1492 confectum
676 1423 749 1490 Art.
770 1421 823 1512 57.
841 1421 905 1512 leg.
924 1419 1029 1489 Fund.
1048 1420 1194 1487 Gallicae
1209 1422 1310 1512 viget.

831 1546 920 1614 XVI.

433 1676 589 1768 Regulam
614 1676 721 1766 probo
747 1674 881 1739 »Libera
905 1673 1010 1756 navis,
1033 1671 1136 1738 libera
1156 1695 1265 1757 merx,
1284 1673 1372 1740 navis

389 1802 531 1886 hostilis,
554 1825 643 1868 merx
664 1799 818 1867 hostilis.'’

826 1920 932 1989 xvfl.

436 2049 555 2140 Magna
588 2049 757 2141 vectigalia
783 2048 1007 2138 Importationi
1042 2051 1221 2140 imposita,
1250 2049 1375 2117 civitati

392 2192 523 2244 nocent.

822 2298 941 2366 XVIII.

324 2457 325 2462 ¹
438 2425 564 2490 Bellum
591 2425 717 2512 ipsum,
741 2424 828 2512 quod
843 2425 985 2512 Majores
1012 2429 1113 2492 nostri
1135 2447 1209 2494 eum
1226 2430 1375 2520 Hispanis

393 2551 564 2641 gerebant,
589 2565 787 2616 mercaturae
803 2574 899 2639 quum
922 2553 1060 2618 maxime
1081 2553 1171 2621 favit.

835 2677 924 2744 XIX.

436 2802 576 2889 Majoree
597 2804 698 2869 nostri
722 2825 836 2892 pacem
854 2805 1139 2871 Mouasteriensem
1167 2809 1336 2896 separatim
1356 2833 1374 2873 a

395 2927 494 2994 Gallis
509 2932 672 3013 ineuntes,
698 2946 813 3026 contra
828 2929 928 2998 verba
949 2947 982 2996 et
1002 2930 1100 2998 fidem
1114 2931 1282 3000 foederum
1302 2959 1373 3025 ege·

392 3068 480 3122 runt·

846 3183 922 3252 XX.

438 3305 551 3386 Ratio,
582 3327 645 3394 qua
674 3328 854 3372 nonomcns
881 3329 937 3372 xrv
961 3307 1092 3374 nomine
1116 3311 1223 3375 uxoris
1250 3291 1391 3376 amana⁴

396 3450 575 3499 rnnnnsmn
600 3431 769 3520 imperium
793 3431 896 3522 Belgii
913 3431 1081 3522 Hispanici
1105 3435 1165 3500 sibi
1192 3445 1376 3524 competere

397 3555 582 3640 contendit,
608 3556 697 3621 nullo
718 3560 789 3643 jure
812 3559 982 3624 nitebatur.

836 3875 959 3907 .,
