3096 5114
648 455 691 523 73

647 681 690 747 V.

225 807 333 876 Verba
349 811 420 877 Art.
439 833 482 897 9ο
499 809 537 874 C.
554 809 591 873 C.
609 809 646 873 B.
662 806 740 897 legis
756 807 872 873 rationi
889 827 1077 898 repugnant.

443 953 445 956 ·
643 929 701 998 VI.

221 1057 378 1128 Abundat
394 1060 466 1123 Art.
490 1055 573 1122 1213
590 1056 628 1124 G.
644 1057 682 1122 G.
702 1057 740 1123 Β.

635 1180 710 1248 VII.

225 1311 362 1378 Possunt
385 1309 535 1394 heredes,
560 1309 588 1374 si
612 1309 667 1374 ille
688 1307 794 1395 quiin
817 1307 998 1372 testamenti
1020 1306 1163 1374 faotione

180 1439 268 1501 testis
297 1435 451 1517 adfuerit,
480 1456 521 1500 ex
544 1433 660 1500 eodem
684 1443 874 1498 testamento
901 1431 1071 1522 legatarius
1094 1441 1163 1518 est,

182 1574 293 1648 petere
308 1577 344 1624 ut
358 1575 583 1625 testamentum
600 1557 723 1624 nullum
738 1556 934 1641 declaretur,
950 1555 1003 1623 vel
1018 1556 1165 1621 omnibus

184 1687 475 1770 consentientibus,
492 1709 559 1750 non
576 1700 736 1774 praestare
752 1684 904 1774 legatum.

632 1808 722 1877 VIII.

227 1938 298 2002 Art.
321 1935 388 2024 953
411 1937 449 2004 C.
475 1938 513 2004 C.
538 1938 577 2005 B.
601 1947 742 2026 praestat
764 1934 835 2001 Art.
859 1956 926 2022 9⁰9
949 1936 985 2002 C.
1008 1935 1050 2001 N.

642 2061 701 2126 IX.

228 2184 347 2251 Valent
362 2201 552 2251 testamenta
565 2184 773 2274 olographica
785 2185 844 2248 sub
861 2185 932 2274 lege
946 2183 1068 2252 Gallico
1091 2209 1167 2252 nou·

180 2314 284 2397 fectu,
324 2313 447 2378 etiamsi
475 2327 549 2401 post
577 2326 724 2399 tempus,
748 2296 819 2375 A'rt.
850 2316 893 2398 49
926 2312 1006 2402 legis
1036 2326 1164 2378 nostras

180 2441 221 2505 de
254 2447 391 2505 transitu
421 2445 501 2504 anni
535 2435 617 2502 1838
650 2436 855 2523 requisitum,
884 2439 1013 2503 noterio
1047 2437 1165 2504 tradita

180 2567 264 2652 sint,
289 2564 467 2632 dummodo
490 2565 546 2640 fiat
568 2561 668 2628 modo
690 2561 762 2653 lege
783 2577 894 2626 nostre
916 2567 1127 2653 praescripto.

648 2690 693 2754 X.

225 2818 378 2886 Abundat
400 2823 473 2885 Art.
503 2840 599 2906 ¹99⁰·
623 2817 661 2883 C.
685 2817 722 2884 C.
745 2817 784 2884 Β.

406 2915 409 2920 .
641 2943 701 3012 XL

223 3071 297 3137 Art.
330 3069 403 3135 116.
428 3068 483 3134 N0.
512 3093 547 3158 7.
577 3069 616 3136 C.
643 3070 680 3134 C.
706 3070 744 3135 B.
775 3067 918 3156 ejusdem
944 3071 1017 3137 Art.
1048 3071 1103 3138 N⁰.
1128 3072 1162 3142 3.

178 3196 292 3263 verbu:
320 3198 364 3280 of
381 3196 422 3259 de
442 3197 601 3262 curatelen
619 3203 667 3260 ut't
687 3195 762 3260 dieu
788 3195 905 3282 koffde
922 3196 1069 3260 verzoett
1089 3196 1163 3261 addi

155 3309 375 3389 'debuissent

632 3444 707 3512 XII.

224 3570 345 3660 Legato
374 3569 572 3634 liberationis
595 3567 698 3634 debiti
723 3569 907 3634 continetur
926 3567 977 3656 id,
1006 3572 1093 3661 qnod
1121 3597 1161 3640 ex

180 3693 383 3782 fidejussione
405 3693 593 3760 solvendum
616 3711 675 3763 est.

622 3821 712 3888 XIII.

224 3945 319 4011 Nulla
353 3970 459 4036 pugna
489 3962 536 4012 est
570 3949 655 4013 inter
681 3950 746 4028 240
770 3957 802 4010 et
828 3945 904 4025 245.
933 3946 1016 4015 Cod.
1049 3950 1086 4017 B.
1120 3951 1163 4018 de

179 4071 281 4140 Meth.
307 4093 399 4162 proc.
425 4074 458 4138 in
482 4074 550 4141 reb.
577 4075 640 4140 civ.
