3106 5110
828 423 873 489 68

367 661 475 726 omnia
497 656 531 721 in
556 652 659 720 Gallia
684 660 809 716 mutata
836 663 929 730 sunt,
956 643 1076 711 bellum
1101 645 1276 710 Austriacis
1300 647 1347 710 iu·

365 785 508 867 dictum,
536 800 719 845 uunovrcus
743 798 798 840 xvr
824 775 866 839 ab
892 774 962 862 ipso
983 795 1041 837 suo
1062 771 1185 861 populo
1207 773 1346 852 occisus,

366 927 425 994 et,
453 911 610 976 fremente
637 907 790 994 Europa,
824 924 906 967 nora
938 900 1113 966 constituta
1144 901 1345 989 respublica,

365 1059 445 1124 quac
467 1035 536 1124 regi
557 1030 691 1122 Angliae
714 1045 747 1094 et
771 1028 941 1118 Belgarum
965 1025 1107 1114 Principi
1132 1025 1184 1091 die
1211 1049 1226 1090 1
1252 1025 1346 1092 Febr.

366 1159 440 1223 anni
454 1156 537 1247 1793
548 1155 672 1221 bellum
681 1152 868 1237 declaravit,
881 1175 953 1216 cum
966 1170 1025 1240 per
1036 1150 1202 1216 decretum
1215 1151 1348 1216 rlllartii

367 1281 510 1371 ejusdem
524 1282 599 1346 anni
613 1281 721 1345 omnia
733 1276 1024 1344 confoederationis
1038 1292 1071 1342 et
1084 1279 1271 1344 commercii
1283 1278 1349 1344 foe·

365 1406 442 1473 dere
466 1408 632 1496 antiquata
654 1408 716 1471 sint
734 1405 798 1494 (r),
822 1422 918 1492 atque
937 1406 1164 1489 constitutum,
1182 1422 1218 1470 ut
1237 1429 1348 1474 omnes

364 1557 488 1600 merces
509 1533 688 1623 Anglorum
714 1532 913 1619 aliorumque
932 1532 1072 1596 hostium
1097 1531 1345 1616 publicarentur,

364 1660 526 1725 nonnullis
546 1659 685 1749 exceptis
700 1660 845 1748 inprimis
861 1655 902 1723 ad
920 1680 1017 1723 naves
1032 1657 1191 1725 ornandas
1207 1659 1346 1743 idoneis,

366 1807 463 1872 quum
480 1786 626 1873 gentibus
643 1784 763 1848 neutris
779 1783 849 1848 illas
869 1805 993 1848 merces
1008 1781 1125 1850 afferre
1140 1784 1253 1851 liceret
1268 1809 1347 1874 quae

365 1931 433 1974 non
455 1924 559 1974 essent
581 1909 763 1999 prohibitae
776 1907 835 1997 (a).

408 2037 485 2102 Non
500 2035 555 2101 diu
566 2053 650 2126 post,
665 2035 717 2101 die
734 2059 773 2100 aa
789 2034 879 2124 Sept.
895 2034 1037 2122 ejusdem
1052 2038 1138 2119 anni,
1149 2035 1231 2103 Galli
1243 2037 1344 2127 legem

365 2159 535 2228 ediderunt
550 2163 714 2244 navalem,
733 2185 795 2249 qua
810 2183 921 2226 ornnes
941 2185 1063 2228 merces
1078 2163 1119 2228 ab
1134 2162 1203 2228 aliis
1215 2164 1345 2229 navibus

365 2311 460 2377 quam
478 2313 497 2354 a
511 2287 641 2354 Gallicis
658 2289 770 2352 allatas
787 2253 1020 2377 prohibuerunt
1033 2287 1091 2377 (3).
1134 2290 1259 2354 Interea
1278 2287 1347 2354 Bel·

365 2435 425 2502 gae
445 2413 564 2478 infelici
584 2427 686 2478 marte
706 2427 929 2502 pugnaverunt
948 2426 981 2476 et
998 2411 1112 2477 multas
1129 2412 1236 2479 clades
1255 2415 1345 2478 ac'cc·

367 2553 500 2626 perant,
519 2540 563 2602 ita
580 2554 615 2602 ut
627 2539 782 2629 Princeps
795 2539 984 2603 Arausiacus
997 2541 1030 2603 in
1043 2541 1189 2630 Angliam
1206 2540 1347 2632 effugere

284 2645 288 2654 ¹
367 2680 497 2729 coactus
513 2665 554 2729 sit
564 2663 627 2754 (l),
644 2687 708 2754 quo
723 2666 831 2730 omnia
846 2665 879 2728 in
895 2665 1061 2754 republica
1076 2669 1261 2756 perturbata
1276 2683 1348 2733 suut

365 2805 399 2854 et
414 2813 498 2856 nova
514 2791 686 2856 constituta
703 2807 750 2856 est
766 2791 894 2872 civitas,
920 2813 1000 2877 quae
1022 2789 1133 2856 dicad
1150 2793 1256 2882 April.
1273 2793 1347 2858 anui

369 2913 453 3002 1795
476 2939 550 2979 cunr
570 2916 670 2982 Gallis
688 2915 802 2981 foedus
817 2916 914 3006 Hagis
928 2915 1052 3005 pepigit
1064 2915 1133 3005 (5),
1158 2939 1222 3004 quo
1239 2939 1347 3006 respu-

365 3037 451 3102 blica
470 3040 587 3103 Batara
605 3038 707 3104 libera
724 3039 849 3128 agnita,
868 3041 1111 3107 confoederatio
1130 3043 1239 3107 mutua
1256 3041 1298 3107 'ad
1312 3041 1348 3107 ii·

367 3185 442 3229 nean
463 3164 539 3229 belli
568 3163 704 3231 eumad
732 3162 950 3233 defensionem
973 3183 1042 3234 tum
1070 3167 1111 3232 ad
1136 3169 1346 3235 offensionem

368 3289 525 3378 imprimis
549 3305 662 3355 contra
682 3290 804 3381 Anglos
822 3291 918 3376 inita,
944 3304 1123 3360 mercatura
1139 3311 1172 3360 et
1189 3294 1347 3386 navigatio

403 3552 439 3620 (1)
456 3554 527 3602 Teuta
540 3557 619 3605 rraite's
632 3556 754 3609 d’allianee
769 3577 800 3609 ou
814 3560 842 3610 de
852 3577 976 3614 commerec
989 3566 1090 3614 existens
1103 3577 1167 3617 entre
1182 3569 1282 3619 l'ancien
1295 3585 1351 3637 gou-

458 3650 590 3688 verncment
613 3641 721 3692 franceis
743 3655 768 3693 et
784 3647 915 3712 puisunces
934 3650 1041 3699 areales
1059 3651 1149 3718 q'aelles
1172 3651 1196 3705 la
1214 3654 1351 3722 republique

457 3733 491 3772 est
510 3739 539 3771 en
558 3739 639 3791 guerre
657 3738 707 3776 sont
722 3731 827 3779 annults.

400 3804 437 3872 (2)
455 3806 505 3855 tid.
526 3820 628 3858 :aarum
646 3827 669 3860 o.
684 3812 701 3860 1.
720 3814 746 3861 d.
761 3815 821 3864 444.
838 3831 865 3865 ac
884 3817 932 3866 Art.
950 3821 976 3868 θ.
992 3819 1008 3868 θ
1026 3829 1049 3868 et
1067 3822 1093 3870 8.

401 3889 437 3955 (3)
453 3891 561 3940 unane
577 3909 599 3943 c.
619 3892 636 3942 l.
655 3896 680 3943 6.
695 3896 755 3944 338.

398 3972 434 4037 (4)
451 3974 501 4022 lar
517 3989 610 4026 [aaran
630 3995 650 4026 ο.
668 3980 684 4028 l.
705 3982 730 4027 2.
750 3983 809 4030 413.

398 4055 433 4120 (d)
452 4059 560 4108 Maerens
579 4077 599 4109 o.
622 4062 638 4110 l.
661 4063 685 4110 ll.
700 4055 761 4112 332.
