3106 5110
853 406 897 469 at

392 650 460 723 tur,
478 662 517 703 ex
533 660 596 726 quo
611 636 816 725 sequebatur,
832 650 867 703 ut
884 638 1038 722 majorem
1056 634 1239 701 mercedem
1256 634 1293 698 de
1308 631 1371 698 illis

394 766 569 847 mercibus,
585 785 669 862 ¹quas
690 762 732 827 ab
747 783 813 826 uuo
830 760 871 826 ad
887 760 1021 826 alterum
1037 760 1159 827 Galliae
1173 769 1304 851 portum
1318 756 1372 822 sd·

395 889 574 970 ducebant,
600 887 725 977 exigere
751 901 960 976 cogerentur,
985 910 1082 975 quum
1102 885 1236 975 vectigal
1255 884 1289 949 in
1304 885 1373 972 ipsa

394 1011 543 1078 mercede
557 1028 746 1103 computare
760 1009 933 1094 deberent3
945 1010 1030 1076 unde
1044 1033 1140 1078 omne
1155 1005 1374 1089 commodum,

395 1138 482 1228 quod
508 1155 601 1203 antea
625 1161 703 1228 prae
728 1137 828 1202 Gallis
852 1138 1052 1223 habueruut,
1086 1135 1313 1230 perdiderant,
1342 1147 1376 1198 et

395 1287 490 1353 quam
508 1265 683 1331 maximum
701 1263 928 1330 detrimentum
947 1264 1022 1330 huic
1041 1261 1253 1354 navigationis
1267 1259 1375 1350 generi

396 1391 521 1458 illatum
531 1408 611 1457 erat.

443 1519 494 1583 De
507 1517 570 1582 illis
586 1541 666 1605 quae
681 1519 847 1608 proposita
863 1532 964 1600 erant,
982 1540 1038 1581 rex
1048 1526 1172 1582 tantum
1185 1516 1251 1579 boo
1261 1533 1377 1578 conce·

399 1643 464 1710 dit:
488 1659 523 1708 ut
543 1643 680 1733 vectigal
695 1643 795 1709 modo
813 1667 832 1710 a
847 1643 979 1709 navibus
995 1666 1014 1708 e
1029 1641 1132 1706 Gallia
1148 1637 1379 1730 proficiscenti·

398 1769 475 1851 bus,
500 1790 568 1832 non
590 1791 669 1834 vero
694 1770 735 1833 ab
756 1769 819 1833 illis
840 1768 886 1833 ibi
912 1768 1163 1858 appellentibus,
1189 1765 1379 1846 solveretur,

403 1915 442 1959 ac
465 1893 614 1958 diminuit
630 1896 811 1983 portorium
825 1894 898 1959 salis
917 1895 952 1958 in
969 1892 1157 1977 dimidium3
1182 1893 1223 1958 ab
1239 1891 1307 1957 aliis
1329 1890 1382 1956 de·

400 2022 511 2087 sistere
537 2020 664 2116 noluit,
682 2043 873 2108 quamquam
893 2021 1076 2086 cautionem
1095 2018 1263 2109 (garantia)
1277 2019 1380 2108 pisca·

403 2162 511 2230 turae,
532 2146 634 2210 invito
660 2146 794 2236 Angliae
817 2169 910 2236 rege,
933 2147 1117 2235 promiserit
1137 2145 1150 2235 (
1171 2145 1197 2234 ).

446 2270 550 2335 Multa
576 2285 699 2354 autem,
724 2268 765 2334 de
784 2270 833 2334 his
857 2269 987 2357 aliisque
1006 2286 1054 2335 est
1074 2267 1257 2353 dissertum,
1278 2267 1383 2334 donec

406 2394 535 2462 tandem
557 2394 652 2485 legati
669 2392 710 2459 de
731 2393 864 2460 foedere
880 2395 1107 2478 convenerint,
1132 2417 1172 2460 ex
1193 2417 1257 2482 quo
1279 2408 1385 2485 patet,

405 2521 447 2586 ab
463 2543 525 2586 una
541 2536 572 2586 et
594 2520 692 2586 altera
709 2536 800 2610 parte
822 2519 980 2609 quaedam
997 2520 1091 2586 fuisse
1109 2543 1277 2604 concessa,
1299 2517 1386 2607 quod

407 2668 588 2713 uunorrcus
601 2668 656 2710 xrv
677 2644 810 2710 fortasse
833 2668 900 2710 nou
914 2643 1059 2728 fecisset,
1076 2643 1137 2708 nisi
1155 2643 1324 2727 timuisset,
1346 2666 1387 2709 ue

408 2772 526 2862 Belgae
538 2795 572 2836 se
584 2771 701 2836 arctius
712 2792 787 2835 cum
800 2770 948 2858 Hispanis
963 2771 1152 2859 jungerent,
1169 2785 1201 2834 et
1220 2770 1251 2835 ei
1265 2771 1298 2834 in
1313 2789 1389 2858 pos·

410 2914 512 2962 terum
537 2894 732 2985 obstarent(
753 2894 776 2982 ).

425 3158 754 3170 m

445 3356 481 3424 (1)
506 3353 563 3404 Vide
579 3369 678 3405 anama
692 3354 709 3405 l.
727 3356 744 3406 l.
760 3365 784 3404 et
799 3369 930 3405 wiennam
944 3354 1000 3405 tad.
1015 3355 1148 3406 desch.1³.
1163 3359 1196 3406 18
1210 3373 1258 3424 sqq.
1293 3358 1400 3425 Magnam

505 3457 546 3489 rex
553 3441 678 3489 brittaniae
693 3457 785 3507 operam
800 3439 894 3490 dederat
907 3451 933 3490 ut
945 3455 1055 3492 toronico
1068 3441 1230 3507 persuaderet,
1244 3459 1274 3491 ue
1288 3443 1333 3491 tale
1342 3443 1401 3509 quid

507 3523 586 3591 belgis
603 3522 744 3574 concederet.
778 3526 843 3575 Fecit
855 3534 934 3574 tamen
947 3541 988 3574 rex
1006 3523 1138 3586 Gallorum,
1155 3525 1288 3574 necessitate
1301 3526 1400 3592 quadam

507 3607 607 3669 ductus,
630 3609 734 3674 quamvis
747 3609 824 3675 ipsum
838 3607 935 3657 verbum
945 3609 1039 3676 pdclto,
1062 3607 1151 3657 foederi
1167 3610 1266 3658 inserere
1283 3608 1401 3670 noluerit,

510 3688 633 3740 arbitratus
657 3707 680 3739 se
707 3707 755 3739 rem
773 3692 829 3740 satis
854 3690 914 3740 clare
937 3691 1086 3758 explicavisse
1105 3690 1236 3753 dicentem,
1263 3702 1305 3740 set
1324 3700 1402 3739 autres

510 3773 581 3823 droits
597 3773 752 3841 quelcouques
768 3784 885 3841 perterre
904 3785 927 3823 et
941 3792 984 3840 par
997 3777 1072 3824 mer.”

448 3859 483 3928 (2)
501 3857 584 3925 belgae
605 3859 675 3907 etiam
696 3856 776 3906 foedus
792 3859 851 3907 inira
870 3857 1008 3921 studebant,
1031 3877 1077 3908 nou
1095 3871 1185 3910 tautum
1204 3859 1233 3910 ob
1250 3862 1322 3926 ipsam
1342 3875 1402 3908 mer-

510 3953 627 4005 caturam,
654 3941 779 3992 sedetiam
797 3952 891 4010 propter
908 3943 1003 4010 imperii
1014 3945 1166 3993 mutationem
1182 3945 1207 3994 in
1225 3942 1325 4010 Augila,
1351 3953 1402 4009 post

513 4040 607 4079 monem
623 4043 775 4078 canantius.
812 4027 991 4080 vaderretro.
1010 4029 1026 4079 l.
1046 4032 1069 4080 t.
1092 4032 1149 4080 145.
