3106 5110
669 415 713 484 47

210 646 373 735 utrimque
401 644 630 736 impedimenta
655 641 697 710 ad
717 641 886 712 Publicnm
909 643 1049 734 (douane
1074 661 1107 716 et
1129 649 1189 716 bu·

209 770 321 861 reaux)
355 770 476 837 civibus
500 785 706 860 opponantur
723 766 783 857 (1).
833 769 928 836 Nora
954 771 1010 838 fiat
1035 777 1191 843 mercium

206 895 374 964 matricula
393 894 498 984 (tarif)
519 901 604 958 intra
622 908 687 958 tres
709 915 851 976 menses,
877 893 952 962 dum
972 898 1094 962 interea
1116 903 1192 966 anni

212 1023 323 1111 1667,
361 1036 394 1086 et
426 1033 563 1108 postea,
600 1017 705 1084 donee
747 1041 830 1084 nova
867 1019 1081 1087 conficeretur
1118 1024 1193 1090 anni
1248 1087 1250 1092 ,

212 1149 298 1228 1664
313 1146 485 1212 matricula
502 1146 726 1211 observaretur
754 1142 813 1231 (a).
860 1145 947 1210 Nulli
983 1145 1192 1214 admittantur

208 1272 363 1338 Consules
382 1271 535 1336 maritimi
557 1267 614 1334 sed
633 1269 761 1357 Legati,
785 1270 925 1359 Agentes
945 1271 997 1336 vel
1018 1275 1195 1362 Conquesi-

211 1415 299 1463 tores
325 1395 513 1485 (Residens,
543 1395 669 1483 Agens,
698 1395 962 1486 Commissaires),
989 1399 1100 1487 quiin
1126 1398 1195 1466 sola

211 1521 371 1610 Principis
399 1519 488 1597 nuria
508 1517 694 1584 consideant
715 1519 776 1608 (3).
823 1521 928 1587 Nemo
950 1524 1056 1590 obstet
1076 1543 1193 1614 paeto,

209 1647 396 1737 praesertim
412 1643 561 1708 Articulo
578 1667 610 1730 7,
626 1645 680 1731 qui
696 1642 738 1709 de
750 1645 852 1712 libera
867 1664 1045 1715 mercatura
1060 1653 1125 1740 agit
1135 1651 1195 1742 (4).

253 1771 372 1835 Initum
389 1784 437 1834 est
451 1784 600 1857 pactum,
619 1781 721 1856 aeque
736 1791 774 1833 ac
790 1769 869 1838 illud
885 1772 971 1859 quod
986 1774 1148 1863 precedit,
1160 1776 1194 1842 in

208 1899 319 1988 viginti
336 1897 476 1986 quinque
487 1916 588 1960 annos
598 1893 656 1984 (5),
672 1896 726 1960 oui
737 1912 902 1984 praeterea
910 1899 1075 1988 singularis
1087 1899 1196 1986 adjun-

209 2024 294 2114 gitur
310 2023 484 2104 Articulus,
504 2044 569 2110 quo
582 2021 720 2110 vectigal
739 2020 781 2086 50
795 2021 972 2087 solidorum
985 2024 1019 2087 in
1030 2042 1196 2112 posterum

210 2148 344 2212 omnino
367 2148 541 2236 abrogatur
559 2169 621 2210 neo
635 2146 758 2210 restitui
773 2147 909 2236 poterit,
930 2148 976 2212 ita
992 2165 1029 2213 ut
1043 2149 1161 2240 Belgae
1176 2175 1197 2218 a

211 2273 372 2338 solutione
386 2272 471 2335 illius
486 2272 644 2335 immunes
659 2286 777 2352 essent,
794 2271 860 2335 hoo
872 2295 938 2336 uno
952 2295 1027 2338 nasu
1041 2291 1196 2365 excepto,

211 2420 310 2487 quum
334 2395 375 2460 ab
398 2415 464 2458 uno
484 2392 526 2459 ad
546 2393 681 2458 alterum
703 2393 825 2460 Galliae
844 2413 973 2485 portum
994 2423 1118 2466 meroes
1139 2424 1196 2468 ve·

210 2524 325 2590 herent
344 2520 404 2610 (6).
443 2517 567 2584 Eodem
582 2518 683 2584 modo
699 2521 782 2584 acin
795 2522 904 2608 priore
918 2537 1033 2610 paeto,
1051 2523 1092 2589 de
1107 2526 1195 2590 navi·

211 2647 342 2740 gatione
365 2662 398 2712 et
421 2643 620 2710 commercio
641 2665 708 2708 esse
726 2658 853 2709 cautum
874 2665 914 2709 ex
927 2643 977 2708 his
996 2659 1099 2732 patet,
1120 2669 1194 2713 cum

214 2815 558 2832 m

302 2932 457 2982 nomme'ment
473 2948 532 2981 ceux
548 2930 581 2980 dn
605 2932 638 2980 15
657 2930 742 2981 Joillet
758 2941 782 2980 et
802 2931 836 2979 14
851 2929 984 2998 Septembre
1004 2933 1087 2996 168⁷,
1106 2943 1199 3001 portant

301 3016 407 3068 de'seoaes
427 3015 560 3083 d’rpporter
585 3017 612 3066 ni
630 3014 658 3065 de
677 3017 736 3064 faire
754 3024 830 3064 entrer
854 3013 911 3064 dant
928 3015 962 3064 les
984 3025 1048 3084 porta
1066 3015 1095 3066 de
1113 3018 1199 3068 Franoe

302 3117 349 3150 anx
362 3102 439 3167 platea
457 3102 585 3168 conquires,
604 3098 636 3148 dn
652 3099 740 3167 hareng
756 3109 886 3148 entrement
899 3099 969 3166 qn’en
986 3117 1054 3167 πασς
1068 3110 1091 3149 et
1104 3101 1152 3150 salt
1165 3101 1198 3152 dn

303 3184 337 3232 sel
356 3183 383 3232 de
400 3185 514 3252 basnage,
533 3187 614 3252 etqui
631 3184 759 3234 ordonnent
779 3201 825 3252 qne
842 3185 864 3232 le
880 3184 916 3232 dit
933 3185 1021 3252 bereng
1038 3203 1087 3234 sera
1103 3187 1199 3252 apportd

303 3265 359 3316 dam
377 3266 412 3316 les
428 3277 491 3332 ports
507 3268 536 3318 de
555 3286 604 3318 mer
620 3285 650 3318 en
668 3285 736 3336 rracq
756 3266 813 3318 dana
830 3267 869 3318 des
885 3267 966 3330 barile,
982 3266 1039 3316 dont
1054 3267 1088 3316 lea
1105 3267 1199 3319 dixbuit
1298 3265 1301 3270 ’

304 3361 460 3418 εοωροεετοηῑ
476 3351 547 3400 donae
564 3351 592 3401 de
612 3351 699 3420 bereng
714 3351 817 3419 paoqud,
835 3350 934 3417 lesquels
950 3351 1020 3400 aneta
1037 3349 1198 3402 domeureront

303 3434 414 3500 rdroqnds
431 3443 453 3484 et
470 3435 574 3486 annnlda.

251 3517 287 3586 (l)
304 3519 354 3568 Art.
373 3521 414 3568 ll.

247 3605 283 3672 (a)
300 3605 350 3653 ra.
367 3605 409 3653 12.

245 3689 281 3759 (8)
298 3691 346 3738 Art.
365 3689 409 3738 89.
476 3686 507 3736 ils
524 3703 553 3735 na
570 3687 705 3753 ponrmient
720 3684 805 3736 dtablir
821 3685 883 3736 leurs
895 3683 1015 3736 damnares
1029 3701 1075 3753 qna
1091 3683 1148 3735 dana
1164 3683 1198 3733 lea

300 3774 367 3823 lieux
386 3772 414 3822 da
433 3772 457 3824 la
473 3771 591 3822 rdsideaoe
609 3769 724 3822 ordinaire
740 3769 770 3820 de
786 3770 810 3821 la
826 3787 890 3821 oonr.

231 3855 279 3924 (4)
296 3857 345 3904 lat.
363 3857 406 3905 4³.

245 3938 281 4004 (ὅ)
298 3938 347 3986 Art.
366 3940 409 3988 44.

246 4021 282 4089 (ο)
299 4019 385 4070 rateto
392 4022 471 4088 repert
479 4021 541 4088 apud
549 4036 579 4074 an
587 4037 674 4076 norro.
682 4021 699 4072 1.
709 4025 733 4073 7.
740 4024 767 4074 Β.
775 4019 837 4072 800.
843 4029 867 4069 et
874 4032 1002 4072 mnarum
1009 4037 1031 4072 o.
1039 4018 1056 4071 Ι.
1068 4021 1193 4075 Luto.
