3106 5110
664 437 707 500 ³3

191 668 274 758 regis
303 663 526 733 benevolentia
557 660 751 754 pendentem
783 665 1047 752 impetraverant,
1081 664 1167 730 idem

191 793 327 883 vectigal
351 816 389 857 ac
414 790 454 858 de
468 791 531 857 illis
547 791 750 880 exigebatur,
773 791 903 855 navibus
920 789 1051 856 Gallicis
1066 793 1167 880 impo·

190 933 319 981 suerunt
342 940 401 1006 per
421 915 584 982 decretum
606 913 758 1005 (placeat)
780 917 895 1002 AMaji
913 918 987 981 anni
1008 917 1089 982 1663
1106 919 1167 1006 (t),

189 1039 278 1129 quod
301 1063 377 1104 mox
402 1041 511 1105 locum
536 1039 625 1105 dedit
652 1041 846 1128 quaestioni,
868 1064 946 1104 num
972 1037 1068 1104 solidi
1094 1038 1169 1103 Gal·

190 1167 245 1232 lici
273 1188 315 1231 an
344 1167 464 1257 Belgici
486 1184 588 1232 essent
608 1164 772 1249 solvendi3
797 1189 878 1254 quae
899 1189 957 1255 per
977 1189 1099 1230 novum
1115 1163 1172 1228 de·

192 1308 316 1356 cretum
332 1293 437 1358 soluta
453 1307 511 1373 est,
528 1313 592 1378 quo
609 1305 760 1354 statutum
775 1303 810 1352 ut
826 1303 929 1353 essent
942 1287 1068 1371 Gallici,
1084 1287 1171 1376 quod

191 1415 363 1482 discrimen
384 1418 493 1481 effecit
516 1430 593 1479 octo
609 1412 786 1479 solidorum
800 1411 858 1501 (a).
903 1413 1076 1479 Praeterea
1092 1414 1173 1478 mul·

191 1553 254 1621 tae,
271 1561 309 1603 ex
324 1538 425 1604 modo
441 1561 507 1626 quo
523 1539 682 1624 utrimque
697 1536 834 1626 vectigal
849 1559 1089 1624 nonnumquam
1103 1560 1173 1626 pos·

191 1661 361 1742 tulabatur‚
378 1662 615 1727 controversiae
632 1675 762 1726 exortae
776 1676 860 1744 sunt,
874 1671 910 1724 ul
926 1662 1023 1725 etiam
1039 1660 1079 1724 de
1090 1660 1172 1725 solu·
1220 1715 1227 1730 .

190 1785 278 1850 tione
292 1786 378 1849 illius
393 1786 519 1850 ratione
535 1783 761 1875 magnitudinis
777 1784 922 1866 navium,
945 1786 990 1848 ita
1005 1799 1040 1847 ut
1055 1784 1172 1873 Belgae

190 1930 275 1973 anno
300 1908 384 1988 1664
403 1909 519 1974 iterum
539 1908 679 1998 legatum
699 1909 844 1975 miserint
859 1910 914 1997 qui
931 1932 1063 1999 operam
1080 1909 1172 1976 daret

191 2049 226 2096 ut
250 2032 383 2099 omnino
409 2035 647 2124 extingueretur
662 2033 719 2121 (3).
772 2034 846 2097 Hoc
870 2057 949 2098 vero
974 2056 1041 2099 non
1069 2035 1170 2123 impe·

190 2175 285 2242 trato,
306 2181 380 2224 cum
396 2181 473 2249 rege
491 2176 722 2242 convenerunt,
741 2170 775 2224 ut
790 2160 830 2224 ab
847 2175 982 2246 utraque
997 2175 1089 2248 parte
1105 2182 1170 2224 ma·

189 2291 294 2373 jorem
318 2286 511 2352 adhiberent
531 2309 641 2351 curam
665 2288 699 2351 in
722 2285 822 2351 modo
843 2286 1005 2375 vectigalis
1025 2284 1171 2377 exigendi

189 2423 222 2478 et
237 2427 273 2476 ut
287 2435 384 2477 naves
400 2413 589 2478 metirentur
601 2411 660 2500 (4).

233 2540 327 2604 Brevi
354 2554 446 2628 post,
477 2561 578 2602 novae
605 2538 677 2602 lites
699 2554 828 2602 exortae
849 2555 921 2603 sunt
946 2538 987 2604 de
1008 2540 1170 2626 prohibita

189 2666 317 2756 saponis
336 2662 498 2750 cujusdam
515 2663 597 2753 nigri
617 2661 746 2752 (awarte
761 2663 853 2752 zeep)
870 2663 1070 2743 invectione,
1096 2683 1169 2726 cum

198 2900 508 2918 m

227 3057 263 3122 (1)
281 3054 331 3104 tid.
350 3053 390 3102 Gr.
411 3049 473 3101 Plac.
492 3052 520 3100 Β.
542 3053 568 3098 2.
588 3049 666 3098 etet.
685 3047 722 3096 bis
741 3045 831 3096 verbis:
861 3047 905 3096 Soo
924 3049 945 3096 ia
964 3050 981 3096 ’t
998 3045 1038 3096 dat
1056 3048 1095 3112 nij
1116 3048 1175 3113 good

280 3137 399 3205 gevonden
417 3135 475 3184 ende
494 3132 647 3201 geresolveert
664 3131 756 3180 hebben
775 3131 962 3196 provisioneelijlr
977 3141 1000 3180 te
1018 3131 1116 3192 mellan,
1134 3149 1174 3196 ge·

282 3221 326 3285 lijk
344 3220 383 3285 wij
402 3218 485 3269 stellen
504 3215 537 3282 hij
558 3216 643 3278 deren,
661 3215 747 3282 gelijlre
764 3214 947 3264 bezwaernissen
966 3233 1008 3282 per
1024 3226 1062 3263 vat
1080 3215 1175 3280 scheeps

282 3303 375 3371 apelle
392 3301 503 3352 Franscbe
519 3301 618 3366 achepen
633 3299 661 3348 de
679 3299 765 3349 bavens
782 3300 849 3348 dener
865 3300 949 3349 landen
968 3296 1173 3364 frequenterende‚

281 3406 318 3437 orn
337 3387 455 3455 ghebeven
474 3398 497 3435 te
514 3384 610 3434 worden
626 3385 652 3432 in
673 3387 691 3431 ’t
706 3385 825 3433 uittaeren
847 3399 877 3447 op
896 3380 999 3429 deaelfde
1023 3381 1090 3444 wijze
1114 3380 1172 3428 ende

282 3473 383 3521 muniere
398 3471 443 3519 oolr
459 3470 555 3536 :onlong
570 3469 604 3517 als
618 3468 647 3517 de
662 3485 736 3516 voom.
750 3466 894 3533 belastinge‚
913 3483 943 3532 op
961 3464 989 3513 de
1007 3465 1106 3529 schepen
1122 3464 1175 3513 bier

279 3567 303 3605 te
321 3555 389 3606 lande
405 3566 427 3604 te
443 3553 498 3604 bnis
510 3552 655 3615 heberarde,
669 3552 725 3601 door
741 3551 794 3600 orde
806 3569 851 3600 van
865 3550 911 3600 den
924 3551 1017 3616 lloning
1030 3567 1075 3598 van
1088 3549 1174 3600 Frank·

280 3641 327 3707 rijlr
341 3639 460 3706 gbeheveo
476 3638 558 3688 werdt.

224 3725 262 3792 (Β)
279 3727 380 3774 Anam
399 3741 420 3775 o.
440 3724 457 3772 l.
476 3726 517 3773 10.
537 3725 579 3773 4³.
598 3725 657 3774 774.

225 3811 260 3876 (0)
278 3811 380 3858 branna
392 3826 414 3856 o.
424 3808 442 3856 l.
461 3810 501 3857 10.
518 3809 560 3856 40.
578 3809 638 3857 004.
674 3806 736 3856 llnde
752 3805 882 3874 ematiglijk
896 3817 919 3856 te
936 3808 1037 3854 insteren
1051 3804 1085 3854 als
1099 3802 1173 3870 aijnde

279 3912 335 3943 eene
348 3911 406 3962 pure
422 3895 526 3954 verane,
545 3893 635 3942 daarnit
650 3903 686 3941 ter
697 3892 833 3957 wedereijde
848 3892 898 3940 niet
912 3890 946 3938 ela
959 3887 1090 3938 contionale
1108 3885 1175 3954 leleg-

279 3991 319 4028 ten
335 3979 430 4028 stonden
448 3988 471 4027 te
488 3978 558 4042 rijzen
575 3976 634 4026 ende
654 3988 677 4026 te
694 3977 828 4026 resulteren.

226 4065 262 4130 (4)
279 4065 382 4112 linem
401 4081 423 4113 o.
442 4064 461 4115 l.
482 4066 522 4113 10.
542 4065 583 4112 4³.
604 4063 663 4110 022.

1000 4160 1020 4224 3
