3106 5110
844 435 889 498 st

384 665 480 749 Galli,
497 665 543 732 illi
559 664 667 731 oleum
682 662 868 728 balnearum
881 662 996 744 inesse,
1015 657 1261 744 contenderent,
1278 657 1367 748 quod

385 792 553 882 privilegio
574 789 720 854 societati
743 787 887 852 Gallicae
907 809 1060 853 concesso
1084 797 1217 852 noceret
1231 785 1299 876 (1);
1329 809 1369 852 ex

390 919 504 1005 quibus
526 915 674 980 omnibus
694 915 816 979 multae
838 916 1046 997 mutationes,
1071 914 1234 1002 querelae,
1256 914 1370 1002 quibus

385 1042 515 1132 singulis
537 1041 648 1106 edictis
670 1039 769 1105 modo
791 1041 973 1130 provisum,
996 1039 1097 1104 modo
1121 1062 1204 1120 non,
1232 1061 1371 1127 quasque

387 1191 498 1232 omnes
516 1190 702 1232 enumerare
724 1166 851 1256 longius
870 1181 969 1249 esset,
994 1188 1067 1230 cum
1086 1181 1253 1254 praeterea
1266 1165 1372 1229 mino·

386 1294 431 1357 ris
453 1293 609 1358 momenti
625 1293 706 1374 sint,
728 1293 848 1381 quippe
865 1314 932 1355 non
947 1292 1021 1380 ipsa·
1030 1306 1128 1380 pacta
1143 1299 1324 1379 spectantes
1339 1299 1372 1354 et

386 1441 463 1484 mox
478 1417 716 1506 quaestionibus
731 1417 931 1506 gravioribus
952 1415 1112 1480 cedentes.

432 1541 581 1608 Mortuus
598 1557 667 1607 erat
680 1565 851 1606 rnrnrrrus
864 1565 898 1606 ιν
910 1565 969 1605 rex
981 1541 1165 1630 Hispaniae,
1178 1562 1264 1605 anno
1280 1537 1374 1623 1665,

388 1669 476 1753 quod
494 1689 658 1731 nnnovrco
670 1689 730 1746 ¹mv
746 1689 854 1730 ansam
871 1667 1017 1754 praebuit
1036 1667 1210 1730 exereitum
1224 1663 1374 1730 mittendi

389 1789 430 1854 ad
447 1791 594 1878 Belgium
612 1791 821 1877 Hispanicum
842 1788 1111 1879 oppugnandum,
1136 1812 1232 1876 quem
1246 1788 1294 1853 illi
1308 1804 1373 1854 tra·

389 1911 465 1994 dere
487 1913 620 2000 Hispani
643 1913 830 1996 noluerunt,
853 1935 1011 2000 quemque
1027 1911 1068 1977 ad
1084 1935 1118 1978 se
1133 1913 1296 2002 pertinere
1314 1934 1373 1977 rex

389 2036 575 2122 contendit,
599 2039 731 2104 nomine
752 2039 861 2102 uxoris
884 2060 1225 2120 quarternitatem,
1248 2059 1286 2102 ex
1300 2039 1373 2123 jure

390 2161 623 2245 devolutionis,
649 2159 696 2250 (a)
717 2163 861 2249 quamvis
878 2177 974 2226 antea
990 2164 1139 2228 omnibus
1151 2162 1273 2247 juribus
1287 2161 1323 2224 in
1338 2159 1374 2224 il·

389 2285 436 2350 las
452 2287 599 2375 regiones
614 2288 877 2368 renunciaverat,
892 2309 954 2374 pro
972 2284 1049 2350 dote
1064 2285 1187 2368 debita,
1203 2307 1277 2349 cum
1289 2306 1375 2350 nunc

390 2410 566 2475 cessionem
584 2411 673 2475 illam
693 2409 814 2474 nullam
829 2409 925 2476 fuisse
942 2409 1076 2495 dixerit,
1100 2411 1218 2499 quippe
1234 2432 1295 2474 nec
1310 2409 1378 2474 lici·

390 2547 468 2616 tam,
481 2557 543 2599 nec
552 2533 785 2615 confirmatam,
796 2555 856 2598 nec
866 2533 1009 2622 pecuniis
1018 2532 1180 2622 promissis
1191 2531 1304 2596 solutis
1315 2530 1375 2621 (3).

391 2657 510 2747 Belgae
530 2655 695 2723 Gallorum
716 2659 914 2724 vicinitatem
936 2659 1103 2741 timentes,
1128 2681 1203 2723 eum
1217 2659 1329 2748 Anglis
1343 2673 1378 2726 et

394 2783 503 2848 Suecis
512 2783 639 2848 Foedus
647 2783 762 2872 triplex
769 2783 878 2873 (triple
886 2783 1032 2872 allianoe)
1040 2785 1189 2867 inierunt,
1199 2783 1287 2874 quod
1296 2785 1378 2850 mira

395 2909 577 2995 celeritate,
601 2913 685 2976 inter
706 2926 843 2998 quatuor
864 2908 933 2974 dies
955 2911 1093 2994 coaluit,
1118 2920 1151 2975 et
1169 2926 1377 2998 quocontra·

393 3036 506 3100 hentes
524 3057 592 3100 sese
608 3033 830 3124 obligaverunt
846 3034 887 3100 ad
905 3057 1018 3125 paoem
1034 3037 1118 3102 inter
1132 3035 1241 3102 Gallos
1257 3053 1290 3104 et
1303 3037 1376 3104 His·

281 3171 284 3180 '
392 3182 494 3250 panos
513 3158 787 3251 promovendam,
818 3183 1029 3250 quaererem
1050 3184 1135 3257 anno
1163 3161 1245 3228 1668
1263 3163 1377 3253 Aquis·

431 3541 468 3610 (1)
485 3543 587 3592 lmus
604 3559 627 3594 o.
643 3542 662 3594 l.
680 3546 722 3594 11.
740 3544 783 3595 tt.
801 3544 862 3594 362.

433 3624 469 3692 (2)
487 3624 538 3674 tit.
553 3626 636 3674 Dewez
650 3626 710 3675 Hist.
724 3627 781 3677 Gen.
798 3625 826 3676 de
842 3627 865 3676 la
881 3626 947 3695 Belg.
968 3629 993 3678 θ.
1010 3629 1052 3680 18.
1068 3630 1111 3697 qui
1126 3628 1171 3680 hoc
1188 3628 1256 3693 loco,
1272 3631 1314 3696 jus
1321 3629 1384 3682 illud

488 3708 605 3776 explicat,
631 3719 655 3758 et
677 3709 760 3776 probat
783 3709 809 3759 id
829 3721 918 3760 tautum
936 3710 997 3762 bona
1021 3714 1172 3780 privatorum,
1190 3730 1237 3764 non
1259 3731 1314 3764 raro
1331 3731 1385 3764 snc-

488 3794 611 3843 cessionem
626 3795 651 3844 in
669 3796 794 3862 imperium
809 3807 931 3862 spectasse.

430 3877 466 3947 (8)
483 3877 534 3929 tit.
550 3882 698 3942 n'ssrttnss,
717 3881 760 3945 qui
776 3895 830 3928 cum
843 3894 873 3930 nn
886 3894 933 3929 un
946 3879 991 3930 hac
1002 3878 1032 3928 de
1049 3896 1073 3928 re
1092 3880 1150 3947 egit,
1159 3891 1189 3934 ,et
1206 3897 1260 3932 eum
1284 3882 1382 3950 probare

486 3973 598 4026 conatur,
624 3965 792 4014 contentionem
817 3965 879 4032 regis
901 3965 994 4030 justitia
1013 3975 1189 4018 musantaneum
1207 3982 1255 4017 esse
1273 3967 1337 4018 Torn.
1355 3969 1382 4018 Β.

485 4047 539 4096 att
554 4061 602 4113 sqq.
