3106 5110
497 1481 662 1567 catut
687 1481 912 1570 tutatuta
945 1491 949 1496 '

231 1749 320 1798 tscrt
346 1748 489 1797 ilfflss'lidd
512 1749 546 1796 ΕΤ
569 1749 710 1798 RATIONES
730 1751 886 1802 contraeunt
909 1754 944 1802 ΕΤ
966 1755 1184 1819 nauuattouts,

267 1855 341 1919 QUAE
359 1853 480 1902 Putant
493 1854 620 1904 Nosmu
636 1856 694 1904 CUM
710 1857 817 1906 uram
834 1859 1094 1924 IN'I'ERGESSBRUNT,
1107 1863 1146 1912 ΔΒ

326 1961 426 2010 tumis
446 1961 632 2010 salwamunt
648 1963 688 2010 ΔΙ)
705 1964 797 2012 Pactu
813 1964 1087 2030 nominatarum,

534 2070 571 2117 alt
589 2069 666 2118 ΔΝΝΟ
686 2072 864 2121 leta-1⁰48.

302 2709 374 2807 Per
397 2741 553 2831 plurimos
574 2763 675 2806 annos
695 2741 834 2828 Majores
854 2740 956 2805 nostri
976 2741 1192 2830 Hispanorum

214 2869 380 2959 tyrannide
400 2868 645 2959 premebantur,
670 2890 744 2932 cum
759 2868 906 2932 immanis
923 2890 1035 2935 eorum
1054 2866 1193 2933 crudeli·

214 3009 261 3060 tas
277 3011 310 3059 et
324 2995 441 3059 violata
456 3017 474 3058 a
491 3015 566 3082 rege
581 2993 694 3082 populi
706 2995 794 3079 jura,
818 3015 872 3057 eos
896 2992 1025 3058 tandem
1041 2992 1081 3059 ad
1096 2995 1193 3084 privi⁴

213 3120 297 3210 legia
319 3117 520 3185 defendenda
537 3119 727 3200 incitarent,
753 3141 792 3182 ex
812 3141 876 3206 quo
894 3118 1016 3183 bellum
1039 3116 1119 3183 illud
1142 3141 1193 3184 ce·

212 3245 302 3311 lebre
319 3245 486 3335 octoginta
507 3265 664 3308 annorum
683 3259 806 3324 ortum,
831 3264 896 3330 quo
918 3265 1033 3332 parvus
1057 3240 1193 3330 populus

212 3370 373 3435 immensis
388 3369 508 3434 viribus
524 3347 665 3457 potentis
679 3368 762 3455 regis
777 3367 908 3448 restitit,
921 3381 955 3431 et
968 3388 1026 3429 suo
1042 3364 1191 3454 exemplo

214 3492 325 3558 docuit
352 3489 429 3579 quid
450 3489 577 3554 valeant
593 3485 702 3571 cives,
732 3491 786 3576 qui
806 3512 867 3578 pro
885 3490 1008 3576 juribus
1022 3491 1105 3573 suis,
1128 3513 1191 3581 pro

213 3620 276 3684 aris
297 3632 330 3683 et
350 3616 432 3680 focis
447 3613 612 3681 dimicent.
659 3612 786 3679 Foedus
800 3615 939 3681 inierunt
953 3617 1188 3704 Trajectinum,

213 3767 278 3832 quo
302 3743 431 3832 Septem
453 3741 642 3806 Provinciae
664 3741 824 3806 vinculum
842 3756 910 3807 tam
925 3755 1049 3808 arctum
1062 3759 1191 3808 contra·

213 3884 345 3951 xerunt,
362 3883 480 3934 utnon
495 3869 554 3932 nisi
575 3892 638 3934 una
658 3866 821 3934 videretur
839 3869 1025 3951 Provincia,
1048 3890 1128 3956 quae
1143 3867 1192 3933 vi·

213 3991 299 4056 ribus
324 3989 438 4075 junctis
466 3989 627 4079 Hispanos
651 3992 824 4082 expelleret
849 4009 882 4057 et
912 3993 1050 4081 patriam
1076 3991 1190 4059 libera·
