3106 5110
674 467 714 531 ill

206 696 297 758 titum
314 695 351 757 iri
365 695 423 782 (1)
472 689 570 775 Quod
587 693 728 758 edictum
744 717 800 759 rex
812 693 934 761 Galliae
951 721 1046 788 aegre
1064 698 1185 783 ferens,

206 821 357 885 monebat
384 837 420 884 ut
444 820 562 908 Belgae
589 835 749 906 tamquam
778 820 917 908 populus
940 821 1040 905 liber,
1063 825 1128 890 hoc
1154 827 1188 889 in

207 943 294 1010 bello
316 961 449 1026 neuter,
474 944 521 1006 sui
540 945 619 1029 juris
640 965 798 1008 memores
822 961 926 1009 essent
943 961 976 1010 et
995 947 1106 1036 Anglis
1123 971 1188 1013 non

203 1068 358 1134 cederent
373 1068 463 1156 quod
476 1069 536 1133 sibi
549 1069 624 1159 ipsis
637 1091 675 1133 ex
688 1070 790 1158 pactis
803 1070 890 1134 initis
907 1070 1114 1158 competebat
1125 1070 1186 1158 (a).

248 1193 333 1258 Huic
353 1191 490 1258 Ordines
505 1192 677 1258 Generales
696 1191 937 1281 rependebant,
956 1216 989 1258 se
1014 1192 1187 1280 prudentia

203 1335 309 1384 motos
325 1335 358 1383 et
384 1319 569 1383 necessitate
596 1317 729 1398 ductos,
748 1340 789 1381 ne
814 1339 945 1382 omnem
973 1332 1186 1383 mercaturam

205 1442 300 1531 Angli
316 1457 511 1522 everterent,
531 1439 672 1506 edictum
687 1441 818 1524 fecisse,
837 1440 925 1531 quod
944 1440 986 1505 de
1005 1465 1094 1507 novo
1110 1466 1189 1510 con·

204 1566 386 1632 firmabant.
433 1566 545 1631 Hocce
563 1589 717 1656 responso
733 1567 794 1632 sibi
811 1589 878 1632 non
890 1568 1095 1652 satisfecisse,
1117 1571 1192 1636 Bel·

203 1691 251 1781 gis
287 1679 508 1780 per'legatum
533 1714 625 1755 suum
655 1714 835 1757 aanovrcus
863 1716 919 1758 xvv
951 1694 1125 1760 nunciabat
1156 1712 1189 1762 et

203 1813 401 1894 minabatur,
430 1835 464 1878 se
493 1814 602 1879 omnia
627 1815 732 1904 Belgis
759 1816 925 1906 privilegia
950 1834 983 1882 et
1012 1821 1187 1886 commoda

202 1961 353 2004 concessa
384 1956 626 2023 revocaturum,
652 1940 711 2004 nisi
736 1943 851 2033 Belgae
874 1944 995 2031 petioni
1021 1969 1118 2028 suae,
1146 1945 1186 2012 de

201 2063 303 2128 libera
327 2064 455 2129 navium
471 2066 606 2150 cujusvis
621 2067 747 2154 generis
761 2083 964 2149 commeatu,
981 2089 1108 2133 morem
1133 2093 1187 2159 ge·
1237 2117 1240 2126 1

202 2202 326 2268 rereut3
354 2189 405 2251 cui
430 2186 567 2251 camilli
585 2209 652 2251 non
673 2203 724 2252 sat
739 2190 806 2253 cito
827 2192 1104 2278 obtemperarent,
1128 2215 1185 2258 rex

201 2310 327 2376 Galliae
356 2309 409 2375 die
454 2314 493 2388 rt
531 2311 603 2375 Ian.
640 2313 713 2376 anni
753 2334 836 2402 1779
868 2313 1011 2380 edictum
1041 2316 1185 2405 promul·

201 2437 304 2527 gavit,
321 2458 386 2523 quo
413 2435 521 2500 omnia
543 2437 717 2502 commoda
741 2461 799 2526 per
826 2440 898 2508 Art.
936 2465 951 2506 1
985 2441 1084 2508 edicti
1109 2444 1184 2510 anni

205 2563 289 2652 1778
320 2562 466 2652 gentibus
498 2563 618 2625 neutris
647 2584 816 2646 concessa,
841 2567 1023 2649 revocavit,
1047 2584 1185 2657 excepta

202 2689 282 2753 urbe
297 2685 556 2752 Amstelaedamo
573 2686 621 2775 (3)
641 2703 673 2751 et
688 2687 800 2777 Belgas
826 2687 935 2752 edicto
957 2687 1010 2753 dia
1036 2713 1077 2756 21
1104 2691 1180 2758 Oct.

202 2814 277 2877 anni
304 2816 388 2902 1744
414 2810 455 2877 tle
481 2812 679 2876 commercio
699 2812 894 2901 populorum
927 2830 1116 2880 neutrorum
1138 2817 1183 2882 la·

202 2953 256 3020 to,
273 2938 409 3024 subjecit
431 2937 495 3026 (4),
520 2959 584 3026 quo
604 2937 688 3002 inter
704 2937 772 3024 alia
799 2959 921 3002 merces
947 2939 1079 3004 hostiles
1108 2942 1179 3008 navi

216 3129 339 3141 *οσ-

241 3241 277 3309 (ll
296 3243 460 3291 vitumno.
471 3243 603 3292 1211343
618 3261 666 3309 sqq.
703 3245 770 3294 tristi
785 3229 855 3294 etiam
871 3245 899 3294 (le
916 3245 1008 3296 decreto
1022 3251 1099 3314 questi
1114 3261 1184 3312 mat,
1266 3248 1269 3253 ’

293 3326 335 3391 qni
352 3325 398 3388 ipsi
414 3326 482 3372 2000
500 3342 568 3373 nares
584 3325 716 3373 habuerunt
725 3343 767 3390 pro
782 3343 865 3392 magna
873 3336 937 3390 parte
953 3328 1060 3394 lignum,
1071 3331 1146 3381 trabes
1161 3343 1185 3381 at

293 3408 352 3458 talea
366 3424 454 3458 marces
469 3409 577 3458 vehentes
591 3419 722 3458 naastan
740 3425 761 3456 o.
779 3409 797 3458 l.
814 3408 915 3458 11.ῶο
935 3427 983 3478 sqq.

237 3492 274 3560 (a)
292 3491 342 3542 tid.
361 3505 491 3540 naaman
509 3508 531 3540 ο.
550 3490 567 3539 l.
587 3493 638 3540 257
658 3507 706 3557 sqq.
723 3500 748 3539 et
764 3493 840 3542 omna
859 3493 905 3542 late
927 3505 1032 3546 enarrata
1047 3497 1110 3563 apud
1125 3498 1182 3550 Nal.

291 3573 370 3626 turb.
390 3574 538 3624 anni1770.
557 3576 600 3623 86.
619 3575 669 3623 1³0
684 3591 731 3642 sqq.

237 3659 275 3727 (3)
293 3658 344 3708 tit
361 3657 458 3706 ltecaail
477 3655 517 3706 dea
530 3673 581 3706 auc.
600 3657 619 3706 1.
636 3659 715 3706 Franc.
733 3659 796 3708 Tom.
812 3662 857 3710 20.
875 3663 915 3710 10.

234 3742 270 3810 14)
289 3743 348 3791 lent
360 3758 391 3790 en
409 3757 561 3807 comqueuce
578 3755 603 3789 ta
620 3741 714 3804 natent
729 3757 774 3808 qne
791 3743 825 3791 lea
841 3743 939 3794 Articles
957 3749 980 3794 1.
1002 3749 1028 3794 2.
1045 3748 1072 3796 3.
1087 3750 1105 3797 4
1118 3759 1142 3798 et
1155 3751 1181 3798 0.

287 3826 321 3877 ta
334 3824 461 3892 rtglement
469 3823 502 3873 du
510 3826 543 3874 at
555 3823 650 3874 Octobre
666 3826 739 3874 soient
753 3828 940 3892 provisoirement
955 3831 1062 3877 executta
1071 3834 1085 3878 a'
1094 3831 1183 3897 l’egard

288 3909 328 3959 dea
339 3908 463 3960 batiments
477 3908 505 3957 de
520 3908 543 3958 la
559 3908 606 3958 dite
621 3907 766 3976 rcpnblique.

323 3992 389 4056 Quod
411 3993 516 4042 Edictum
530 3993 616 4042 111οο1
637 3993 717 4044 Octob.
735 3996 791 4042 anui
817 3995 884 4044 1744
903 3995 976 4044 latura
995 3995 1100 4048 videatur
1117 4001 1180 4066 apatl

288 4079 385 4126 menei!
399 4095 452 4144 gen.
468 4082 511 4127 22.
527 4081 583 4128 170.
601 4081 668 4143 cujas
682 4081 730 4127 Art.
744 4081 805 4139 to,
822 4088 941 4142 statuunt,
956 4081 1018 4148 quod
1033 4081 1106 4136 libera
1122 4097 1179 4138 asset
