3106 5110
695 425 813 490 09-

223 656 347 738 Rheni,
371 654 499 736 Mosae,
524 652 646 718 Scaldis
664 653 764 720 libera
782 655 939 742 utrimque
957 656 1086 740 relicta,
1112 659 1204 724 Flan-

223 783 293 848 dria
306 806 324 848 a
336 781 440 870 Belgis
453 802 554 862 cessa,
568 795 601 844 et
616 795 726 868 portus
736 779 938 870 Flessinghae
953 785 1108 850 ambobus
1125 809 1204 851 con·

224 909 420 976 trahentibus
430 907 610 972 communis
620 904 798 971 declaratus
807 921 863 989 est,
874 930 950 972 cum
960 910 1075 1000 Belgae
1087 911 1204 997 25,ooo

223 1035 391 1100 Gallorum
407 1033 523 1098 milites
539 1030 660 1096 alerent
677 1048 709 1098 et
726 1033 928 1100 sustinerent.

268 1161 395 1228 Foedus
414 1157 495 1224 illud
514 1160 547 1222 in
567 1157 736 1246 Belgarum
753 1155 892 1222 dedecus
909 1175 941 1222 et
959 1157 1109 1226 damnum
1127 1183 1205 1226 con·

199 1265 203 1272 ⁴
222 1288 367 1370 fectum,
392 1297 498 1352 tamen
515 1283 599 1349 laete
615 1284 656 1347 ab
671 1282 733 1348 illis
750 1300 918 1372 acceptum
935 1301 999 1367 est,
1026 1287 1204 1373 quiveram

223 1413 404 1478 libertatem
421 1428 454 1476 et
469 1410 654 1475 felicitatem
671 1407 785 1474 exinde
801 1427 1019 1474 emanaturam
1037 1426 1203 1499 putarent3

226 1559 406 1624 quaerero
430 1559 501 1625 spes
521 1556 598 1598 mox
619 1533 698 1598 falsa
722 1535 887 1622 apparuit,
917 1534 1004 1600 bello
1029 1536 1071 1600 ab
1095 1536 1205 1626 Anglis

226 1661 367 1744 indicto,
391 1663 444 1751 qui
460 1661 613 1751 plurimas
628 1682 725 1725 nares
740 1674 909 1748 ceperunt,
932 1660 1047 1725 multas
1062 1661 1205 1726 colonias

224 1803 483 1880 expugnaverunt
500 1803 534 1853 et
556 1809 641 1852 anno
663 1807 746 1874 1799
763 1801 863 1851 totam
880 1786 1012 1852 classem
1028 1786 1088 1851 sibi
1104 1786 1205 1851 vindi·

224 1912 448 2002 caverunt(1).

269 2041 420 2122 Attamen
443 2038 496 2104 die
516 2060 557 2126 ²7
574 2035 687 2102 Martis
702 2038 774 2101 anni
798 2037 880 2102 1802
897 2062 960 2128 pax
974 2041 1059 2104 inter
1074 2039 1203 2125 Gallos,

222 2164 336 2254 Belgas
352 2181 385 2230 et
396 2162 517 2253 Anglos
534 2160 715 2251 coaluit(2),
733 2184 814 2249 quae
828 2163 996 2253 Belgarum
1006 2165 1203 2254 navigationi

223 2307 257 2358 et
272 2306 470 2357 mercaturae
485 2291 530 2354 ita
544 2288 682 2378 profuit,
708 2303 742 2352 ut
755 2289 819 2354 hoc
835 2311 921 2354 anno
939 2291 1095 2379 plurimae
1112 2315 1205 2357 naves

223 2439 282 2506 per
300 2418 461 2481 &eanum
485 2416 668 2504 navigarent
690 2429 723 2479 et
743 2415 907 2502 antiquum
929 2417 1133 2505 splendorem
1155 2445 1205 2485 re·

222 2543 379 2607 victurum
392 2565 463 2631 spes
481 2540 621 2621 adesset,
639 2563 734 2627 quam
746 2561 867 2603 novum
881 2541 1000 2605 bellum
1015 2566 1100 2606 anno
1121 2545 1203 2609 1803

223 2683 368 2732 exortum
395 2666 520 2756 penitus
548 2666 683 2746 evertit,
718 2687 816 2751 quum
838 2665 932 2753 Angli
951 2689 1045 2731 nares
1062 2668 1205 2758 Belgicae

221 2812 301 2880 pace
323 2803 405 2857 tutas
424 2807 575 2880 caperent
591 2807 624 2855 et
639 2805 852 2854 mercaturam
868 2790 963 2878 plane
979 2791 1122 2859 delerent
1141 2795 1202 2884 (3)

265 2918 476 3007 Respublica,
502 2919 543 2982 ab
565 2940 627 2982 una
647 2931 739 3004 parte
759 2916 799 2980 ab
816 2916 926 3006 Anglis
943 2935 1073 3002 vexata,
1099 2923 1142 2986 ab
1161 2923 1205 2986 al·

221 3056 289 3105 tero
306 3040 474 3107 Gallorum
497 3043 527 3107 vi
554 3041 775 3130 premebatur,
800 3042 846 3106 ita
867 3058 902 3106 ut
919 3065 984 3107 non
1009 3046 1067 3108 nisi
1083 3050 1204 3134 species

222 3159 376 3226 libertatis
397 3163 501 3228 adhuc
521 3165 678 3254 fulgeret,
704 3189 778 3229 cunr
801 3167 910 3229 civitas
925 3189 1034 3230 revera
1052 3170 1112 3232 sub
1131 3169 1205 3233 Gal·

220 3284 325 3350 lorum
349 3299 508 3374 potestate
536 3302 634 3367 esset,
664 3285 751 3373 quod
777 3309 852 3351 mox
875 3292 1022 3376 apparuit
1046 3313 1063 3354 e
1084 3309 1203 3359 mutata

259 3554 294 3618 (1)
313 3553 362 3602 lm
377 3565 471 3601 xanta
486 3569 507 3602 ο.
525 3553 543 3602 l.
560 3555 685 3605 etatae.
702 3564 726 3603 et
742 3568 830 3606 unsre
845 3574 867 3608 ο.
884 3557 901 3607 Ι.
918 3561 943 3608 2.
962 3561 1012 3610 000
1028 3579 1076 3630 sqq.

257 3638 292 3706 (2)
311 3639 403 3688 Nullam
430 3639 477 3686 fera
502 3647 653 3689 mercaturam
682 3639 725 3690 sub
750 3644 840 3709 patriae
864 3645 977 3696 vexillum
1000 3649 1083 3716 belgae
1110 3654 1211 3718 amplius

311 3722 441 3790 gerebant,
457 3723 492 3774 iu
509 3733 536 3771 ut
549 3741 609 3774 anno
631 3727 697 3776 lttt
715 3743 761 3777 una
775 3739 866 3779 tantum
880 3733 945 3780 naris
962 3749 1005 3798 per
1018 3732 1156 3784 Oresundam
1170 3755 1210 3786 na-

311 3807 399 3873 vigaret
423 3823 477 3855 cum
503 3825 564 3858 anno
591 3811 658 3860 1700
684 3811 720 3862 ibi
742 3816 812 3864 2000
831 3832 915 3865 mercer
933 3829 1049 3868 rexerant.
1084 3819 1135 3870 lid.
1160 3836 1207 3872 var

311 3903 405 4022 {anm
431 3910 453 3942 o.
473 3892 490 3941 l.
513 3896 539 3942 2.
567 3895 626 3945 400.
649 3897 711 3970 ¹esui,
738 3897 782 3947 boc
807 3900 858 3949 looo
886 3903 942 3950 citat
970 3916 1037 3952 rosor
1064 3905 1207 3958 Wetrtsndet

329 3977 413 4025 stae,

256 4057 292 4124 (3)
313 4061 359 4108 Vas
377 4074 469 4110 aures
486 4079 507 4110 o.
529 4062 546 4111 l.
566 4067 692 4116 400400.
