3106 5110
675 423 720 486 23

208 645 472 714 nufabricatarum
492 599 686 716 Gallicarum
707 652 912 740 imposituros
929 651 988 742 (ι).
1035 652 1184 735 Quatuor
1219 712 1221 720 .

206 792 285 835 vero
301 769 500 840 difficultates
515 775 703 863 praesertim
720 776 908 844 obstabant:
933 778 1088 868 vectigal,
1116 781 1182 868 pri·

203 897 350 988 vilegium
363 902 518 984 societati,
533 924 551 965 a
564 923 639 991 rege
652 925 853 986 concessum,
863 905 969 968 cautio
983 905 1180 994 piscaturae,

202 1038 235 1088 et
250 1025 409 1090 restitutio
424 1025 633 1116 quarumdam
649 999 793 1111 urbium3
810 1051 891 1116 quae
906 1029 1015 1094 omnia
1029 1030 1112 1094 bene
1130 1053 1181 1094 ac·

202 1149 429 1235 commodare,
446 1176 560 1244 magna
580 1153 866 1242 circumspectione
890 1169 922 1218 et
947 1152 1116 1242 prudentia
1136 1157 1181 1219 in·

201 1273 345 1364 digebat,
368 1277 454 1343 unde
477 1302 543 1344 non
566 1279 702 1360 mirum,
733 1279 868 1346 multum
893 1296 1018 1370 tempus
1042 1282 1076 1344 in
1099 1279 1179 1346 deli-

197 1401 345 1468 berando
360 1405 573 1493 praeteriisse.

243 1526 361 1617 Belgae
386 1528 542 1616 imprimis
563 1528 698 1618 vectigal
718 1530 848 1596 abolere
862 1533 1037 1617 volebant,
1066 1535 1175 1622 quod,

197 1675 272 1718 cum
287 1675 343 1720 rex
358 1651 538 1718 concedere
554 1653 661 1736 nollit,
680 1653 857 1722 diminuere
872 1657 1042 1724 studebant
1057 1675 1089 1724 et
1105 1683 1177 1750 pro·

193 1779 376 1867 ponebant:
466 1835 479 1856 ,

242 1917 284 1973 1⁰.
308 1907 353 1970 Ut
376 1905 552 1970 solveretur
570 1920 728 1971 tantuma
748 1907 892 1988 navibus,
920 1930 1001 1998 quae
1023 1932 1042 1974 e
1068 1908 1172 1975 Gallia

192 2027 489 2116 proficiscerentur,
516 2051 582 2093 non
598 2043 706 2094 autem
727 2029 769 2093 ab
790 2028 852 2094 illis
873 2054 954 2118 quae
970 2031 1169 2098 advenirent.

237 2165 282 2220 2⁰.
307 2154 353 2217 Ut
366 2154 449 2217 ratio
464 2153 636 2218 haberetur
650 2152 807 2242 qualitatis
823 2170 856 2220 et
869 2133 987 2220 valoris
1002 2157 1171 2239 mercium,

191 2299 256 2342 non
273 2299 350 2342 vero
367 2275 593 2366 magnitudinis
608 2278 749 2344 navium.

237 2404 284 2472 3⁰.
306 2406 351 2470 Ut
358 2420 481 2470 tantum
493 2404 527 2468 in
539 2403 657 2468 ultimis
669 2401 792 2469 Galliae
799 2406 966 2494 portubus,
979 2427 998 2471 e
1009 2408 1122 2494 quibus
1132 2406 1172 2470 ad

188 2531 634 2622 aliasregionesuavigaretur,
643 2528 830 2614 solveretur,
837 2553 904 2595 non
913 2553 991 2596 vero
1000 2535 1033 2596 in
1043 2532 1168 2598 ceteris.

233 2661 280 2736 4⁰.
305 2657 351 2722 Ut
363 2654 512 2746 vectigal,
524 2676 584 2744 pro
595 2652 729 2720 dimidia
740 2653 793 2720 vel
804 2656 898 2720 tertia
913 2670 1017 2744 parte,
1031 2654 1072 2723 de
1084 2658 1169 2720 navi·

186 2781 246 2846 bus
259 2781 321 2866 sal,
335 2781 448 2846 vinum
465 2779 516 2845 vel
533 2781 610 2845 alias
627 2801 749 2846 meroes
763 2783 900 2866 majores
918 2779 1168 2870 (nrarohandises

186 2906 227 2972 de
242 2929 317 2996 gros
331 2905 472 2995 volume)
487 2904 719 2989 adferentibus,
744 2905 948 2997 solveretur(
968 2905 996 2996 ).

230 3031 321 3114 Quae
331 3032 451 3113 omnia,
461 3031 576 3120 Belgae
589 3030 664 3096 ideo
677 3032 851 3120 impetrare
866 3032 975 3096 conati
987 3049 1076 3117 sunt,
1090 3037 1163 3123 quia

183 3179 241 3247 per
265 3157 401 3246 vectigal
426 3157 629 3246 impositum,
654 3180 777 3222 merces
799 3159 932 3223 minoris
955 3158 1073 3225 valoris
1095 3177 1160 3226 tam

182 3304 277 3348 carae
293 3281 423 3364 fiebant,
439 3298 475 3346 ut
490 3304 542 3346 eas
557 3282 592 3345 in
606 3281 710 3346 Gallia
726 3305 799 3346 oum
814 3282 906 3347 lucro
923 3281 1078 3365 vendere,
1093 3285 1160 3349 fere

181 3432 248 3475 non
265 3424 414 3498 possent,
440 3429 538 3495 quum
558 3417 681 3470 tantum
697 3406 779 3470 ratio
796 3403 837 3468 de
854 3404 1036 3495 magnitude
1051 3408 1156 3489 navis,

179 3557 247 3600 non
262 3554 342 3599 vero
363 3530 404 3597 de
425 3530 575 3619 qualitate
594 3529 718 3613 oneris,
741 3527 829 3618 quod
843 3530 1000 3616 vehebat,
1023 3533 1156 3599 habere·

178 3785 513 3806 .-----—----·

205 3945 241 4012 (1)
259 3946 294 3994 Dr
309 3958 370 4006 mr,
388 3943 485 3992 Bneven
505 3945 528 3990 1.
545 3943 605 3990 349.

205 4029 241 4096 (θ)
259 4035 360 4092 Anaua
378 4045 400 4077 o.
416 4028 433 4078 l.
453 4029 493 4077 10.
509 4029 553 4077 41.
570 4023 630 4076 280.
