3106 5110
385 652 570 722 manerent,
596 660 657 706 nec
687 637 727 704 ab
754 656 819 704 uno
842 631 1020 718 eodemque
1043 627 1194 718 Principe
1215 651 1369 718 umquam

387 781 588 857 regerentur,
611 779 644 830 et
661 761 803 851 Belgium
819 758 1027 845 Hispanicum
1045 778 1063 820 a
1086 753 1268 823 Provinciis
1284 755 1371 825 initis

387 891 578 981 Imperatori
607 887 798 956 traderetur.
845 884 1015 950 Praeterea
1043 881 1196 948 Articulis
1221 903 1280 962 ao,
1309 879 1369 964 30,

390 1015 431 1084 32
465 1026 619 1084 statutum
645 1027 693 1081 est
719 1009 956 1099 navigationem
988 1023 1020 1076 et
1048 1023 1263 1074 mercaturam
1299 1006 1370 1074 fore

392 1141 544 1222 liberam,
566 1160 627 1204 nec
641 1137 763 1206 litteras
782 1133 1031 1222 represallcrum
1052 1148 1199 1220 tempore
1219 1132 1296 1198 belli
1314 1130 1369 1198 da·

393 1279 441 1333 tas
464 1263 635 1343 valituras,
668 1258 755 1326 salva
786 1260 913 1327 actione
941 1259 971 1332 ei
997 1270 1203 1346 competente
1225 1258 1260 1322 in
1284 1260 1372 1344 cujus

392 1386 599 1457 commodum
607 1401 782 1456 'concessae
797 1399 911 1451 essent.
953 1383 1052 1450 Pacta
1068 1381 1108 1448 de
1120 1384 1324 1472 navigatione
1339 1399 1374 1450 et

391 1514 588 1586 commercio
602 1514 636 1580 in
650 1512 835 1600 Hispaniam
853 1525 886 1574 et
897 1509 1021 1575 Indiam
1035 1510 1243 1599 Hispanicum
1260 1507 1372 1576 eadem

392 1655 575 1718 manerent,
600 1659 681 1726 quae
702 1638 762 1704 sub
780 1657 910 1707 canone
926 1660 954 1700 11
974 1636 1117 1720 fuerant,
1142 1659 1203 1705 nec
1218 1638 1285 1727 regi
1299 1637 1374 1704 lice·

392 1778 443 1828 ret
458 1762 521 1832 alia
536 1761 597 1826 sibi
612 1761 768 1850 stipulari.
815 1759 943 1832 Subdiu
956 1762 1121 1854 ‘utrimque
1143 1763 1279 1850 antiquis
1294 1762 1372 1852 legi·

390 1887 496 1952 buret
511 1885 624 1952 edictis
646 1885 688 1952 de
706 1888 904 1960 commercio
919 1889 1055 1974 subjecti
1073 1898 1189 1958 esseut.
1234 1889 1371 1958 Articuli

393 2010 413 2075 3
440 2027 474 2076 et
502 2010 545 2078 36
568 2011 664 2102 plane
693 2011 898 2082 consentiunt
925 2013 1077 2079 Articulis
1107 2012 1127 2078 3
1153 2029 1196 2080 ct.
1210 2017 1251 2092 41
1280 2016 1373 2102 pacti

391 2135 594 2217 commercii,
622 2134 709 2224 quod
732 2133 848 2208 eodem
871 2135 924 2206 die
948 2137 1130 2208 coniectum
1152 2147 1209 2202 est

844 2397 917 2470 Sa.

389 2641 528 2712 Pactum
544 2639 768 2730 Navigationis
779 2651 812 2704 et
824 2638 1011 2704 Commercii
1021 2645 1107 2702 inter
1116 2661 1309 2711 uuuovrcurr
1322 2664 1377 2708 m

495 2787 605 2854 regem
624 2763 751 2830 Galliae
766 2778 797 2830 et
813 2785 952 2832 caumas
968 2785 1154 2830 cananaeus
1167 2765 1274 2852 Belgr't

567 2889 739 2956 Foederat!
751 2889 803 2952 die
824 2911 860 2954 11
878 2889 1001 2977 Aprilis
1017 2897 1097 2954 anni
1113 2888 1199 2978 1713

701 3013 868 3102 Ultrojecti
881 3022 995 3080 initum
1012 3013 1072 3104 (1).

438 3266 575 3331 Pactum
599 3263 677 3328 illud
705 3263 818 3330 eadem
839 3266 1048 3346 verbotenus,
1071 3287 1151 3354 quae
1173 3267 1375 3349 Risvicense,

396 3390 558 3472 continet,
571 3389 710 3453 horunc
723 3403 875 3477 excepto,
889 3386 974 3475 quod
988 3411 1046 3478 per
1055 3390 1126 3456 Art.
1143 3413 1180 3454 ru
1194 3390 1279 3454 illius
1294 3413 1377 3456 nova

392 3517 595 3605 promittitur
609 3516 765 3580 mercium
781 3515 960 3598 matricula,
976 3539 1056 3603 quac
1071 3515 1221 3582 confecta
1231 3532 1279 3580 est
1291 3538 1378 3582 anno

398 3640 481 3730 1699
493 3655 526 3705 et
541 3639 581 3704 dc
599 3663 671 3728 qua,
690 3641 808 3730 quippe
824 3663 890 3705 non
903 3639 1015 3706 eadem
1031 3639 1201 3706 commoda
1220 3663 1257 3705 ac
1270 3643 1379 3706 matri·

394 3767 466 3834 cula
483 3767 559 3833 anni
583 3767 665 3847 1664
683 3767 856 3851 afferente,
874 3783 948 3834 aute
963 3782 1094 3856 pactum
1113 3767 1229 3834 initum
1241 3767 1379 3834 multum

430 4038 466 4104 ll)
483 4040 518 4087 Du
535 4051 595 4088 lom
611 4056 633 4088 c.
655 4037 673 4086 l.
689 4040 715 4086 8.
736 4040 759 4084 l.
779 4037 838 4086 ³77.
857 4035 897 4084 Gr.
917 4034 977 4084 Plac.
994 4035 1021 4086 tt.
1035 4034 1064 4083 ὅ.
1082 4035 1143 4083 470.
