<?xml version="1.0" encoding="UTF-8"?>
<!DOCTYPE html PUBLIC "-//W3C//DTD XHTML 1.0 Transitional//EN"
    "http://www.w3.org/TR/xhtml1/DTD/xhtml1-transitional.dtd">
<html xmlns="http://www.w3.org/1999/xhtml" xml:lang="en" lang="en">
 <head>
  <title>
</title>
<meta http-equiv="Content-Type" content="text/html;charset=utf-8" />
  <meta name='ocr-system' content='tesseract 3.04.00' />
  <meta name='ocr-capabilities' content='ocr_page ocr_carea ocr_par ocr_line ocrx_word'/>
</head>
<body>
  <div class='ocr_page' id='page_1' title='image "./disputatiopolit00roogoog_0031.png"; bbox 0 0 3106 5110; ppageno 0'>
   <div class='ocr_carea' id='block_1_1' title="bbox 863 396 905 463">
    <p class='ocr_par' dir='ltr' id='par_1_1' title="bbox 863 396 905 463">
     <span class='ocr_line' id='line_1_1' title="bbox 863 396 905 463; baseline 0.024 -1"><span class='ocrx_word' id='word_1_1' title='bbox 863 396 905 463; x_wconf 87' lang='grc'><strong>18</strong></span> 
     </span>
    </p>
   </div>
   <div class='ocr_carea' id='block_1_2' title="bbox 388 625 1376 1842">
    <p class='ocr_par' dir='ltr' id='par_1_2' title="bbox 388 625 1376 1842">
     <span class='ocr_line' id='line_1_2' title="bbox 392 625 1370 718; baseline 0.003 -26"><span class='ocrx_word' id='word_1_2' title='bbox 392 626 528 692; x_wconf 86' lang='lat' dir='ltr'><strong>celebris</strong></span> <span class='ocrx_word' id='word_1_3' title='bbox 541 625 625 691; x_wconf 90' lang='lat' dir='ltr'><strong>illius</strong></span> <span class='ocrx_word' id='word_1_4' title='bbox 640 626 818 716; x_wconf 87' lang='lat' dir='ltr'><strong>Anglorum</strong></span> <span class='ocrx_word' id='word_1_5' title='bbox 834 630 934 692; x_wconf 89' lang='lat' dir='ltr'><strong>Actus</strong></span> <span class='ocrx_word' id='word_1_6' title='bbox 945 627 1171 718; x_wconf 80' lang='lat' dir='ltr'><strong>navigationis,</strong></span> <span class='ocrx_word' id='word_1_7' title='bbox 1188 626 1266 693; x_wconf 90' lang='lat' dir='ltr'><strong>editi</strong></span> <span class='ocrx_word' id='word_1_8' title='bbox 1285 651 1370 695; x_wconf 87' lang='lat' dir='ltr'><strong>anno</strong></span> 
     </span>
     <span class='ocr_line' id='line_1_3' title="bbox 395 751 1375 839; baseline 0.004 -21"><span class='ocrx_word' id='word_1_9' title='bbox 395 751 489 819; x_wconf 78' lang='lat'><strong>1652.</strong></span> <span class='ocrx_word' id='word_1_10' title='bbox 526 753 705 835; x_wconf 85' lang='lat' dir='ltr'><strong>Praeterea,</strong></span> <span class='ocrx_word' id='word_1_11' title='bbox 724 777 809 818; x_wconf 89' lang='lat' dir='ltr'><strong>anno</strong></span> <span class='ocrx_word' id='word_1_12' title='bbox 831 751 930 839; x_wconf 82' lang='lat'><strong>1656,</strong></span> <span class='ocrx_word' id='word_1_13' title='bbox 949 753 989 819; x_wconf 90' lang='lat' dir='ltr'><strong>de</strong></span> <span class='ocrx_word' id='word_1_14' title='bbox 1007 777 1093 820; x_wconf 87' lang='lat' dir='ltr'><strong>novo</strong></span> <span class='ocrx_word' id='word_1_15' title='bbox 1111 777 1167 820; x_wconf 81' lang='lat' dir='ltr'><strong>rer</strong></span> <span class='ocrx_word' id='word_1_16' title='bbox 1183 753 1304 821; x_wconf 80' lang='lat' dir='ltr'><strong>edixit:</strong></span> <span class='ocrx_word' id='word_1_17' title='bbox 1329 756 1375 823; x_wconf 90' lang='lat' dir='ltr'><strong>le·</strong></span> 
     </span>
     <span class='ocr_line' id='line_1_4' title="bbox 389 879 1375 969; baseline 0.002 -25"><span class='ocrx_word' id='word_1_18' title='bbox 389 901 443 968; x_wconf 88' lang='lat' dir='ltr'><strong>ges</strong></span> <span class='ocrx_word' id='word_1_19' title='bbox 467 879 610 966; x_wconf 87' lang='lat' dir='ltr'><strong>antiquas</strong></span> <span class='ocrx_word' id='word_1_20' title='bbox 640 879 789 962; x_wconf 87' lang='lat' dir='ltr'><strong>navales,</strong></span> <span class='ocrx_word' id='word_1_21' title='bbox 819 882 1008 969; x_wconf 89' lang='lat' dir='ltr'><strong>praesertim</strong></span> <span class='ocrx_word' id='word_1_22' title='bbox 1038 903 1196 948; x_wconf 88' lang='lat' dir='ltr'><strong>annorum</strong></span> <span class='ocrx_word' id='word_1_23' title='bbox 1226 880 1309 961; x_wconf 77' lang='lat'><strong>1543</strong></span> <span class='ocrx_word' id='word_1_24' title='bbox 1341 897 1375 947; x_wconf 88' lang='lat' dir='ltr'><strong>et</strong></span> 
     </span>
     <span class='ocr_line' id='line_1_5' title="bbox 395 1003 1374 1097; baseline 0.001 -27"><span class='ocrx_word' id='word_1_25' title='bbox 395 1003 480 1084; x_wconf 72' lang='lat'>1584</span> <span class='ocrx_word' id='word_1_26' title='bbox 499 1005 564 1070; x_wconf 86' lang='lat' dir='ltr'><strong>vim</strong></span> <span class='ocrx_word' id='word_1_27' title='bbox 581 1006 760 1089; x_wconf 88' lang='lat' dir='ltr'><strong>habituras,</strong></span> <span class='ocrx_word' id='word_1_28' title='bbox 784 1007 829 1071; x_wconf 87' lang='lat' dir='ltr'><strong>ita</strong></span> <span class='ocrx_word' id='word_1_29' title='bbox 845 1022 880 1070; x_wconf 89' lang='lat' dir='ltr'><strong>ut</strong></span> <span class='ocrx_word' id='word_1_30' title='bbox 896 1005 1001 1072; x_wconf 88' lang='lat' dir='ltr'><strong>adhuc</strong></span> <span class='ocrx_word' id='word_1_31' title='bbox 1016 1007 1126 1097; x_wconf 88' lang='lat' dir='ltr'><strong>regula</strong></span> <span class='ocrx_word' id='word_1_32' title='bbox 1141 1005 1281 1090; x_wconf 87' lang='lat' dir='ltr'><strong>valeret,</strong></span> <span class='ocrx_word' id='word_1_33' title='bbox 1309 1007 1374 1071; x_wconf 73' lang='lat' dir='ltr'><strong>»La</strong></span> 
     </span>
     <span class='ocr_line' id='line_1_6' title="bbox 390 1129 1374 1221; baseline 0.002 -27"><span class='ocrx_word' id='word_1_34' title='bbox 390 1131 470 1195; x_wconf 90' lang='lat' dir='ltr'><strong>robe</strong></span> <span class='ocrx_word' id='word_1_35' title='bbox 496 1129 654 1196; x_wconf 89' lang='lat' dir='ltr'><strong>d&#39;ennemi</strong></span> <span class='ocrx_word' id='word_1_36' title='bbox 678 1131 843 1220; x_wconf 89' lang='lat' dir='ltr'><strong>confisque</strong></span> <span class='ocrx_word' id='word_1_37' title='bbox 864 1132 945 1197; x_wconf 90' lang='lat' dir='ltr'><strong>celle</strong></span> <span class='ocrx_word' id='word_1_38' title='bbox 967 1130 1105 1216; x_wconf 83' lang='lat' dir='ltr'><strong>d&#39;ami,&#39;&#39;</strong></span> <span class='ocrx_word' id='word_1_39' title='bbox 1136 1153 1213 1221; x_wconf 88' lang='lat' dir='ltr'><strong>erga</strong></span> <span class='ocrx_word' id='word_1_40' title='bbox 1242 1153 1374 1214; x_wconf 89' lang='lat' dir='ltr'><strong>omnes,</strong></span> 
     </span>
     <span class='ocr_line' id='line_1_7' title="bbox 391 1255 1376 1346; baseline 0.002 -28"><span class='ocrx_word' id='word_1_41' title='bbox 391 1255 518 1344; x_wconf 84' lang='lat' dir='ltr'><strong>Anglis,</strong></span> <span class='ocrx_word' id='word_1_42' title='bbox 550 1257 770 1339; x_wconf 85' lang='lat' dir='ltr'><strong>Hanseaticis,</strong></span> <span class='ocrx_word' id='word_1_43' title='bbox 797 1255 960 1340; x_wconf 87' lang='lat' dir='ltr'><strong>Venetiis,</strong></span> <span class='ocrx_word' id='word_1_44' title='bbox 993 1279 1060 1322; x_wconf 89' lang='lat' dir='ltr'><strong>non</strong></span> <span class='ocrx_word' id='word_1_45' title='bbox 1086 1275 1164 1322; x_wconf 88' lang='lat' dir='ltr'><strong>rerc</strong></span> <span class='ocrx_word' id='word_1_46' title='bbox 1189 1255 1295 1346; x_wconf 77' lang='lat' dir='ltr'><strong>Belgis</strong></span> <span class='ocrx_word' id='word_1_47' title='bbox 1324 1279 1376 1320; x_wconf 87' lang='lat' dir='ltr'><strong>ex·</strong></span> 
     </span>
     <span class='ocr_line' id='line_1_8' title="bbox 391 1380 1374 1470; baseline 0.005 -26"><span class='ocrx_word' id='word_1_48' title='bbox 391 1381 491 1470; x_wconf 82' lang='lat' dir='ltr'><strong>ceptis</strong></span> <span class='ocrx_word' id='word_1_49' title='bbox 504 1380 564 1469; x_wconf 89' lang='lat' dir='ltr'><strong>(r),</strong></span> <span class='ocrx_word' id='word_1_50' title='bbox 579 1380 664 1447; x_wconf 91' lang='lat' dir='ltr'><strong>unde</strong></span> <span class='ocrx_word' id='word_1_51' title='bbox 679 1397 802 1448; x_wconf 89' lang='lat' dir='ltr'><strong>tautum</strong></span> <span class='ocrx_word' id='word_1_52' title='bbox 819 1381 973 1448; x_wconf 85' lang='lat' dir='ltr'><strong>damnum</strong></span> <span class='ocrx_word' id='word_1_53' title='bbox 991 1400 1110 1467; x_wconf 89' lang='lat' dir='ltr'><strong>ortum,</strong></span> <span class='ocrx_word' id='word_1_54' title='bbox 1127 1399 1163 1448; x_wconf 92' lang='lat' dir='ltr'><strong>ut</strong></span> <span class='ocrx_word' id='word_1_55' title='bbox 1178 1383 1262 1447; x_wconf 89' lang='lat' dir='ltr'><strong>intra</strong></span> <span class='ocrx_word' id='word_1_56' title='bbox 1274 1383 1374 1449; x_wconf 84' lang='lat' dir='ltr'><strong>breve</strong></span> 
     </span>
     <span class='ocr_line' id='line_1_9' title="bbox 389 1505 1373 1599; baseline 0.002 -29"><span class='ocrx_word' id='word_1_57' title='bbox 389 1522 530 1594; x_wconf 91' lang='lat' dir='ltr'><strong>tempus,</strong></span> <span class='ocrx_word' id='word_1_58' title='bbox 548 1505 612 1572; x_wconf 81' lang='lat'><strong>328</strong></span> <span class='ocrx_word' id='word_1_59' title='bbox 631 1527 725 1572; x_wconf 88' lang='lat' dir='ltr'><strong>nares</strong></span> <span class='ocrx_word' id='word_1_60' title='bbox 740 1508 888 1597; x_wconf 82' lang='lat' dir='ltr'><strong>Belgicae</strong></span> <span class='ocrx_word' id='word_1_61' title='bbox 904 1507 1146 1598; x_wconf 81' lang='lat' dir='ltr'><strong>publicarentur</strong></span> <span class='ocrx_word' id='word_1_62' title='bbox 1162 1508 1222 1598; x_wconf 83' lang='lat' dir='ltr'><strong>(n).</strong></span> <span class='ocrx_word' id='word_1_63' title='bbox 1256 1508 1373 1599; x_wconf 81' lang='lat' dir='ltr'><strong>Belgae</strong></span> 
     </span>
     <span class='ocr_line' id='line_1_10' title="bbox 388 1633 1376 1726; baseline 0.004 -30"><span class='ocrx_word' id='word_1_64' title='bbox 388 1655 494 1698; x_wconf 90' lang='lat' dir='ltr'><strong>rursus</strong></span> <span class='ocrx_word' id='word_1_65' title='bbox 513 1635 614 1720; x_wconf 84' lang='lat' dir='ltr'><strong>questi</strong></span> <span class='ocrx_word' id='word_1_66' title='bbox 630 1649 717 1716; x_wconf 91' lang='lat' dir='ltr'><strong>sunt,</strong></span> <span class='ocrx_word' id='word_1_67' title='bbox 740 1633 830 1699; x_wconf 89' lang='lat' dir='ltr'><strong>nullo</strong></span> <span class='ocrx_word' id='word_1_68' title='bbox 845 1655 923 1700; x_wconf 88' lang='lat' dir='ltr'><strong>rero</strong></span> <span class='ocrx_word' id='word_1_69' title='bbox 939 1640 1011 1722; x_wconf 88' lang='lat' dir='ltr'><strong>jure</strong></span> <span class='ocrx_word' id='word_1_70' title='bbox 1026 1637 1217 1726; x_wconf 82' lang='lat' dir='ltr'><strong>impetrato,</strong></span> <span class='ocrx_word' id='word_1_71' title='bbox 1240 1659 1274 1702; x_wconf 87' lang='lat' dir='ltr'><strong>se</strong></span> <span class='ocrx_word' id='word_1_72' title='bbox 1289 1637 1376 1725; x_wconf 88' lang='lat' dir='ltr'><strong>ipsos</strong></span> 
     </span>
     <span class='ocr_line' id='line_1_11' title="bbox 388 1756 1374 1842; baseline 0.004 -22"><span class='ocrx_word' id='word_1_73' title='bbox 388 1756 560 1823; x_wconf 82' lang='lat' dir='ltr'><strong>defendere</strong></span> <span class='ocrx_word' id='word_1_74' title='bbox 586 1756 814 1842; x_wconf 89' lang='lat' dir='ltr'><strong>decreverunt,</strong></span> <span class='ocrx_word' id='word_1_75' title='bbox 839 1776 872 1825; x_wconf 89' lang='lat' dir='ltr'><strong>et</strong></span> <span class='ocrx_word' id='word_1_76' title='bbox 893 1785 935 1826; x_wconf 82' lang='lat' dir='ltr'><strong>nn</strong></span> <span class='ocrx_word' id='word_1_77' title='bbox 956 1785 1080 1828; x_wconf 79' lang='lat' dir='ltr'><strong>unmrn</strong></span> <span class='ocrx_word' id='word_1_78' title='bbox 1099 1787 1173 1829; x_wconf 91' lang='lat' dir='ltr'><strong>cum</strong></span> <span class='ocrx_word' id='word_1_79' title='bbox 1194 1762 1293 1828; x_wconf 85' lang='lat' dir='ltr'><strong>classe</strong></span> <span class='ocrx_word' id='word_1_80' title='bbox 1312 1762 1374 1826; x_wconf 88' lang='lat' dir='ltr'><strong>mi·</strong></span> 
     </span>
    </p>
   </div>
   <div class='ocr_carea' id='block_1_3' title="bbox 283 1881 1375 1970">
    <p class='ocr_par' dir='ltr' id='par_1_3' title="bbox 283 1881 1375 1970">
     <span class='ocr_line' id='line_1_12' title="bbox 283 1881 1375 1970; baseline 0.004 -23"><span class='ocrx_word' id='word_1_81' title='bbox 283 1933 285 1937; x_wconf 68' lang='lat'><strong>,</strong></span> <span class='ocrx_word' id='word_1_82' title='bbox 388 1896 513 1964; x_wconf 90' lang='lat' dir='ltr'><strong>serunt,</strong></span> <span class='ocrx_word' id='word_1_83' title='bbox 538 1883 591 1970; x_wconf 90' lang='lat' dir='ltr'><strong>qui</strong></span> <span class='ocrx_word' id='word_1_84' title='bbox 611 1881 720 1948; x_wconf 85' lang='lat' dir='ltr'><strong>Gallos</strong></span> <span class='ocrx_word' id='word_1_85' title='bbox 740 1887 920 1954; x_wconf 83' lang='lat' dir='ltr'><strong>cohiberet.</strong></span> <span class='ocrx_word' id='word_1_86' title='bbox 966 1888 1024 1952; x_wconf 91' lang='lat' dir='ltr'><strong>Ille</strong></span> <span class='ocrx_word' id='word_1_87' title='bbox 1044 1888 1107 1953; x_wconf 83' lang='lat' dir='ltr'><strong>dux</strong></span> <span class='ocrx_word' id='word_1_88' title='bbox 1125 1912 1202 1954; x_wconf 88' lang='lat' dir='ltr'><strong>mox</strong></span> <span class='ocrx_word' id='word_1_89' title='bbox 1222 1888 1300 1953; x_wconf 87' lang='lat' dir='ltr'><strong>duas</strong></span> <span class='ocrx_word' id='word_1_90' title='bbox 1320 1910 1375 1952; x_wconf 87' lang='lat' dir='ltr'><strong>na-</strong></span> 
     </span>
    </p>
   </div>
   <div class='ocr_carea' id='block_1_4' title="bbox 390 2011 1376 2601">
    <p class='ocr_par' dir='ltr' id='par_1_4' title="bbox 390 2011 1376 2601">
     <span class='ocr_line' id='line_1_13' title="bbox 391 2011 1374 2099; baseline 0.007 -27"><span class='ocrx_word' id='word_1_91' title='bbox 391 2031 446 2074; x_wconf 88' lang='lat' dir='ltr'><strong>ves</strong></span> <span class='ocrx_word' id='word_1_92' title='bbox 474 2011 578 2099; x_wconf 84' lang='lat' dir='ltr'><strong>cepit,</strong></span> <span class='ocrx_word' id='word_1_93' title='bbox 608 2033 669 2099; x_wconf 86' lang='lat' dir='ltr'><strong>qun</strong></span> <span class='ocrx_word' id='word_1_94' title='bbox 699 2011 740 2078; x_wconf 87' lang='lat' dir='ltr'><strong>de</strong></span> <span class='ocrx_word' id='word_1_95' title='bbox 764 2037 800 2079; x_wconf 90' lang='lat' dir='ltr'><strong>re</strong></span> <span class='ocrx_word' id='word_1_96' title='bbox 825 2039 881 2080; x_wconf 88' lang='lat' dir='ltr'><strong>rex</strong></span> <span class='ocrx_word' id='word_1_97' title='bbox 904 2013 1027 2082; x_wconf 82' lang='lat' dir='ltr'><strong>Galliae</strong></span> <span class='ocrx_word' id='word_1_98' title='bbox 1051 2016 1095 2082; x_wconf 89' lang='lat' dir='ltr'><strong>ita</strong></span> <span class='ocrx_word' id='word_1_99' title='bbox 1124 2018 1223 2081; x_wconf 88' lang='lat' dir='ltr'><strong>iratus</strong></span> <span class='ocrx_word' id='word_1_100' title='bbox 1248 2032 1312 2098; x_wconf 86' lang='lat' dir='ltr'><strong>est,</strong></span> <span class='ocrx_word' id='word_1_101' title='bbox 1339 2029 1374 2080; x_wconf 89' lang='lat' dir='ltr'><strong>ut</strong></span> 
     </span>
     <span class='ocr_line' id='line_1_14' title="bbox 391 2134 1376 2227; baseline 0.005 -30"><span class='ocrx_word' id='word_1_102' title='bbox 391 2134 501 2201; x_wconf 87' lang='lat' dir='ltr'><strong>omnia</strong></span> <span class='ocrx_word' id='word_1_103' title='bbox 525 2134 612 2200; x_wconf 86' lang='lat' dir='ltr'><strong>bona</strong></span> <span class='ocrx_word' id='word_1_104' title='bbox 631 2150 663 2201; x_wconf 94' lang='lat' dir='ltr'><strong>et</strong></span> <span class='ocrx_word' id='word_1_105' title='bbox 684 2159 808 2202; x_wconf 85' lang='lat' dir='ltr'><strong>merces</strong></span> <span class='ocrx_word' id='word_1_106' title='bbox 824 2137 993 2227; x_wconf 82' lang='lat' dir='ltr'><strong>Belgarum</strong></span> <span class='ocrx_word' id='word_1_107' title='bbox 1013 2151 1133 2202; x_wconf 83' lang='lat' dir='ltr'><strong>arresto</strong></span> <span class='ocrx_word' id='word_1_108' title='bbox 1155 2135 1298 2202; x_wconf 90' lang='lat' dir='ltr'><strong>detinere</strong></span> <span class='ocrx_word' id='word_1_109' title='bbox 1313 2139 1376 2223; x_wconf 87' lang='lat' dir='ltr'><strong>jus·</strong></span> 
     </span>
     <span class='ocr_line' id='line_1_15' title="bbox 390 2257 1374 2351; baseline 0.004 -29"><span class='ocrx_word' id='word_1_110' title='bbox 390 2259 466 2323; x_wconf 87' lang='lat' dir='ltr'><strong>serit</strong></span> <span class='ocrx_word' id='word_1_111' title='bbox 482 2257 549 2347; x_wconf 84' lang='lat'><strong>(3),</strong></span> <span class='ocrx_word' id='word_1_112' title='bbox 574 2275 606 2324; x_wconf 92' lang='lat' dir='ltr'><strong>et</strong></span> <span class='ocrx_word' id='word_1_113' title='bbox 621 2259 761 2350; x_wconf 85' lang='lat' dir='ltr'><strong>legatum</strong></span> <span class='ocrx_word' id='word_1_114' title='bbox 778 2259 819 2325; x_wconf 88' lang='lat' dir='ltr'><strong>de</strong></span> <span class='ocrx_word' id='word_1_115' title='bbox 837 2260 931 2326; x_wconf 83' lang='lat' dir='ltr'><strong>Thou</strong></span> <span class='ocrx_word' id='word_1_116' title='bbox 954 2257 1075 2351; x_wconf 86' lang='lat' dir='ltr'><strong>Hagas,</strong></span> <span class='ocrx_word' id='word_1_117' title='bbox 1098 2260 1235 2343; x_wconf 87' lang='lat' dir='ltr'><strong>miserit,</strong></span> <span class='ocrx_word' id='word_1_118' title='bbox 1256 2261 1311 2348; x_wconf 92' lang='lat' dir='ltr'><strong>qui</strong></span> <span class='ocrx_word' id='word_1_119' title='bbox 1331 2257 1374 2326; x_wconf 87' lang='lat' dir='ltr'><strong>de</strong></span> 
     </span>
     <span class='ocr_line' id='line_1_16' title="bbox 390 2385 1370 2477; baseline 0.003 -28"><span class='ocrx_word' id='word_1_120' title='bbox 390 2385 524 2450; x_wconf 87' lang='lat' dir='ltr'><strong>naribus</strong></span> <span class='ocrx_word' id='word_1_121' title='bbox 555 2386 656 2476; x_wconf 90' lang='lat' dir='ltr'><strong>captis</strong></span> <span class='ocrx_word' id='word_1_122' title='bbox 688 2403 875 2475; x_wconf 86' lang='lat' dir='ltr'><strong>quereretur</strong></span> <span class='ocrx_word' id='word_1_123' title='bbox 902 2403 935 2452; x_wconf 89' lang='lat' dir='ltr'><strong>et</strong></span> <span class='ocrx_word' id='word_1_124' title='bbox 966 2386 1199 2452; x_wconf 87' lang='lat' dir='ltr'><strong>restitutionem</strong></span> <span class='ocrx_word' id='word_1_125' title='bbox 1231 2403 1370 2477; x_wconf 85' lang='lat' dir='ltr'><strong>rogaret.</strong></span> 
     </span>
     <span class='ocr_line' id='line_1_17' title="bbox 390 2503 1373 2601; baseline 0.004 -28"><span class='ocrx_word' id='word_1_126' title='bbox 390 2507 528 2576; x_wconf 87' lang='lat' dir='ltr'><strong>Ordines</strong></span> <span class='ocrx_word' id='word_1_127' title='bbox 548 2511 719 2576; x_wconf 86' lang='lat' dir='ltr'><strong>Generales</strong></span> <span class='ocrx_word' id='word_1_128' title='bbox 736 2527 862 2592; x_wconf 83' lang='lat' dir='ltr'><strong>tamen,</strong></span> <span class='ocrx_word' id='word_1_129' title='bbox 888 2534 941 2577; x_wconf 89' lang='lat' dir='ltr'><strong>eas</strong></span> <span class='ocrx_word' id='word_1_130' title='bbox 959 2534 1026 2576; x_wconf 88' lang='lat' dir='ltr'><strong>esse</strong></span> <span class='ocrx_word' id='word_1_131' title='bbox 1048 2526 1156 2601; x_wconf 86' lang='lat' dir='ltr'><strong>captas</strong></span> <span class='ocrx_word' id='word_1_132' title='bbox 1177 2503 1254 2576; x_wconf 89' lang='lat' dir='ltr'><strong>dum</strong></span> <span class='ocrx_word' id='word_1_133' title='bbox 1277 2534 1373 2578; x_wconf 86' lang='lat' dir='ltr'><strong>nares</strong></span> 
     </span>
    </p>
   </div>
   <div class='ocr_carea' id='block_1_5' title="bbox 389 2619 1376 2727">
    <p class='ocr_par' dir='ltr' id='par_1_5' title="bbox 389 2619 1376 2727">
     <span class='ocr_line' id='line_1_18' title="bbox 389 2619 1376 2727; baseline 0.001 -27"><span class='ocrx_word' id='word_1_134' title='bbox 389 2619 558 2726; x_wconf 77' lang='lat' dir='ltr'><strong>Belgarum</strong></span> <span class='ocrx_word' id='word_1_135' title='bbox 580 2635 856 2727; x_wconf 87' lang='lat' dir='ltr'><strong>depredabantur,</strong></span> <span class='ocrx_word' id='word_1_136' title='bbox 881 2634 1135 2727; x_wconf 87' lang='lat' dir='ltr'><strong>responderunt,</strong></span> <span class='ocrx_word' id='word_1_137' title='bbox 1156 2650 1189 2700; x_wconf 87' lang='lat' dir='ltr'><strong>et</strong></span> <span class='ocrx_word' id='word_1_138' title='bbox 1211 2635 1272 2725; x_wconf 89' lang='lat' dir='ltr'><strong>ipsi</strong></span> <span class='ocrx_word' id='word_1_139' title='bbox 1296 2657 1376 2701; x_wconf 89' lang='lat' dir='ltr'><strong>con·</strong></span> 
     </span>
    </p>
   </div>
   <div class='ocr_carea' id='block_1_6' title="bbox 391 2759 1376 3481">
    <p class='ocr_par' dir='ltr' id='par_1_6' title="bbox 391 2759 1376 3481">
     <span class='ocr_line' id='line_1_19' title="bbox 392 2759 1374 2853; baseline 0 -24"><span class='ocrx_word' id='word_1_140' title='bbox 392 2765 493 2852; x_wconf 90' lang='lat' dir='ltr'><strong>questi</strong></span> <span class='ocrx_word' id='word_1_141' title='bbox 513 2779 602 2848; x_wconf 89' lang='lat' dir='ltr'><strong>sunt,</strong></span> <span class='ocrx_word' id='word_1_142' title='bbox 628 2763 715 2853; x_wconf 93' lang='lat' dir='ltr'><strong>quod</strong></span> <span class='ocrx_word' id='word_1_143' title='bbox 740 2765 863 2829; x_wconf 89' lang='lat' dir='ltr'><strong>nullum</strong></span> <span class='ocrx_word' id='word_1_144' title='bbox 885 2764 947 2828; x_wconf 91' lang='lat' dir='ltr'><strong>illis</strong></span> <span class='ocrx_word' id='word_1_145' title='bbox 965 2765 1016 2848; x_wconf 84' lang='lat' dir='ltr'><strong>jus</strong></span> <span class='ocrx_word' id='word_1_146' title='bbox 1039 2762 1073 2825; x_wconf 93' lang='lat' dir='ltr'><strong>in</strong></span> <span class='ocrx_word' id='word_1_147' title='bbox 1095 2759 1199 2826; x_wconf 88' lang='lat' dir='ltr'><strong>Gallia</strong></span> <span class='ocrx_word' id='word_1_148' title='bbox 1221 2759 1374 2846; x_wconf 85' lang='lat' dir='ltr'><strong>dabatur,</strong></span> 
     </span>
     <span class='ocr_line' id='line_1_20' title="bbox 391 2885 1376 2978; baseline 0.002 -25"><span class='ocrx_word' id='word_1_149' title='bbox 391 2911 490 2978; x_wconf 91' lang='lat' dir='ltr'><strong>quare</strong></span> <span class='ocrx_word' id='word_1_150' title='bbox 507 2890 603 2955; x_wconf 88' lang='lat' dir='ltr'><strong>etiam</strong></span> <span class='ocrx_word' id='word_1_151' title='bbox 617 2912 746 2957; x_wconf 89' lang='lat' dir='ltr'><strong>omnem</strong></span> <span class='ocrx_word' id='word_1_152' title='bbox 764 2907 977 2955; x_wconf 85' lang='lat' dir='ltr'><strong>mercaturam</strong></span> <span class='ocrx_word' id='word_1_153' title='bbox 992 2911 1064 2954; x_wconf 89' lang='lat' dir='ltr'><strong>cum</strong></span> <span class='ocrx_word' id='word_1_154' title='bbox 1080 2885 1179 2953; x_wconf 89' lang='lat' dir='ltr'><strong>Gallis</strong></span> <span class='ocrx_word' id='word_1_155' title='bbox 1195 2903 1376 2974; x_wconf 85' lang='lat' dir='ltr'><strong>vetuerunt,</strong></span> 
     </span>
     <span class='ocr_line' id='line_1_21' title="bbox 392 3011 1371 3104; baseline 0.002 -25"><span class='ocrx_word' id='word_1_156' title='bbox 392 3029 425 3080; x_wconf 88' lang='lat' dir='ltr'><strong>ct</strong></span> <span class='ocrx_word' id='word_1_157' title='bbox 440 3015 526 3079; x_wconf 91' lang='lat' dir='ltr'><strong>bona</strong></span> <span class='ocrx_word' id='word_1_158' title='bbox 545 3037 582 3078; x_wconf 91' lang='lat' dir='ltr'><strong>ac</strong></span> <span class='ocrx_word' id='word_1_159' title='bbox 597 3013 718 3080; x_wconf 89' lang='lat' dir='ltr'><strong>litteras</strong></span> <span class='ocrx_word' id='word_1_160' title='bbox 735 3015 905 3079; x_wconf 86' lang='lat' dir='ltr'><strong>cambiales</strong></span> <span class='ocrx_word' id='word_1_161' title='bbox 918 3013 1084 3078; x_wconf 89' lang='lat' dir='ltr'><strong>Gallorum</strong></span> <span class='ocrx_word' id='word_1_162' title='bbox 1102 3011 1306 3079; x_wconf 86' lang='lat' dir='ltr'><strong>detinuerunt</strong></span> <span class='ocrx_word' id='word_1_163' title='bbox 1313 3013 1371 3104; x_wconf 67' lang='grc'><strong>(4)</strong></span> 
     </span>
     <span class='ocr_line' id='line_1_22' title="bbox 392 3136 1374 3229; baseline -0.001 -24"><span class='ocrx_word' id='word_1_164' title='bbox 392 3139 529 3229; x_wconf 89' lang='lat' dir='ltr'><strong>Magnae</strong></span> <span class='ocrx_word' id='word_1_165' title='bbox 552 3136 628 3204; x_wconf 91' lang='lat' dir='ltr'><strong>inde</strong></span> <span class='ocrx_word' id='word_1_166' title='bbox 652 3138 819 3226; x_wconf 87' lang='lat' dir='ltr'><strong>querelae,</strong></span> <span class='ocrx_word' id='word_1_167' title='bbox 843 3137 938 3222; x_wconf 91' lang='lat' dir='ltr'><strong>odia,</strong></span> <span class='ocrx_word' id='word_1_168' title='bbox 960 3137 1154 3203; x_wconf 77' lang='lat' dir='ltr'><strong>offensiones</strong></span> <span class='ocrx_word' id='word_1_169' title='bbox 1177 3155 1283 3223; x_wconf 83' lang='lat' dir='ltr'><strong>ortae,</strong></span> <span class='ocrx_word' id='word_1_170' title='bbox 1305 3140 1374 3205; x_wconf 87' lang='lat' dir='ltr'><strong>imo</strong></span> 
     </span>
     <span class='ocr_line' id='line_1_23' title="bbox 394 3263 1375 3355; baseline -0.001 -23"><span class='ocrx_word' id='word_1_171' title='bbox 394 3266 472 3333; x_wconf 93' lang='lat' dir='ltr'><strong>belli</strong></span> <span class='ocrx_word' id='word_1_172' title='bbox 500 3283 622 3349; x_wconf 91' lang='lat' dir='ltr'><strong>metus,</strong></span> <span class='ocrx_word' id='word_1_173' title='bbox 647 3265 752 3331; x_wconf 91' lang='lat' dir='ltr'><strong>donec</strong></span> <span class='ocrx_word' id='word_1_174' title='bbox 779 3263 929 3350; x_wconf 86' lang='lat' dir='ltr'><strong>tandem,</strong></span> <span class='ocrx_word' id='word_1_175' title='bbox 955 3264 1176 3331; x_wconf 87' lang='lat' dir='ltr'><strong>intercedente</strong></span> <span class='ocrx_word' id='word_1_176' title='bbox 1199 3265 1306 3355; x_wconf 86' lang='lat' dir='ltr'><strong>legato</strong></span> <span class='ocrx_word' id='word_1_177' title='bbox 1333 3265 1375 3332; x_wconf 92' lang='lat' dir='ltr'><strong>de</strong></span> 
     </span>
     <span class='ocr_line' id='line_1_24' title="bbox 395 3387 1374 3481; baseline -0.001 -23"><span class='ocrx_word' id='word_1_178' title='bbox 395 3392 505 3476; x_wconf 83' lang='lat' dir='ltr'><strong>Thou,</strong></span> <span class='ocrx_word' id='word_1_179' title='bbox 525 3393 587 3459; x_wconf 84' lang='lat' dir='ltr'><strong>hae</strong></span> <span class='ocrx_word' id='word_1_180' title='bbox 608 3391 696 3472; x_wconf 90' lang='lat' dir='ltr'><strong>lites,</strong></span> <span class='ocrx_word' id='word_1_181' title='bbox 720 3414 806 3456; x_wconf 87' lang='lat' dir='ltr'><strong>anno</strong></span> <span class='ocrx_word' id='word_1_182' title='bbox 837 3390 936 3473; x_wconf 84' lang='lat'><strong>1655,</strong></span> <span class='ocrx_word' id='word_1_183' title='bbox 961 3387 1002 3455; x_wconf 90' lang='lat' dir='ltr'><strong>ad</strong></span> <span class='ocrx_word' id='word_1_184' title='bbox 1024 3405 1149 3479; x_wconf 87' lang='lat' dir='ltr'><strong>tempus</strong></span> <span class='ocrx_word' id='word_1_185' title='bbox 1173 3391 1374 3481; x_wconf 87' lang='lat' dir='ltr'><strong>compositae</strong></span> 
     </span>
    </p>
   </div>
   <div class='ocr_carea' id='block_1_7' title="bbox 424 3775 1112 4100">
    <p class='ocr_par' dir='ltr' id='par_1_7' title="bbox 424 3775 1112 3932">
     <span class='ocr_line' id='line_1_25' title="bbox 424 3775 1112 3847; baseline -0.003 -19"><span class='ocrx_word' id='word_1_186' title='bbox 424 3778 460 3847; x_wconf 81' lang='lat' dir='ltr'><strong>(l)</strong></span> <span class='ocrx_word' id='word_1_187' title='bbox 479 3776 534 3827; x_wconf 79' lang='lat' dir='ltr'><strong>lide</strong></span> <span class='ocrx_word' id='word_1_188' title='bbox 552 3775 659 3826; x_wconf 75' lang='lat' dir='ltr'><strong>Edictum</strong></span> <span class='ocrx_word' id='word_1_189' title='bbox 677 3775 741 3842; x_wconf 84' lang='lat' dir='ltr'><strong>apud</strong></span> <span class='ocrx_word' id='word_1_190' title='bbox 756 3789 856 3824; x_wconf 76' lang='lat' dir='ltr'><strong>rtrum</strong></span> <span class='ocrx_word' id='word_1_191' title='bbox 872 3794 895 3824; x_wconf 89' lang='grc' dir='ltr'><strong>ο.</strong></span> <span class='ocrx_word' id='word_1_192' title='bbox 912 3775 929 3824; x_wconf 92' lang='lat' dir='ltr'><strong>l.</strong></span> <span class='ocrx_word' id='word_1_193' title='bbox 947 3778 973 3824; x_wconf 81' lang='lat'><strong>8.</strong></span> <span class='ocrx_word' id='word_1_194' title='bbox 991 3777 1033 3826; x_wconf 78' lang='lat' dir='ltr'><strong>tt.</strong></span> <span class='ocrx_word' id='word_1_195' title='bbox 1052 3777 1112 3827; x_wconf 74' lang='lat' dir='ltr'><strong>flbd.</strong></span> 
     </span>
     <span class='ocr_line' id='line_1_26' title="bbox 428 3861 836 3932; baseline -0.007 -19"><span class='ocrx_word' id='word_1_196' title='bbox 428 3864 464 3932; x_wconf 77' lang='lat'><strong>(2)</strong></span> <span class='ocrx_word' id='word_1_197' title='bbox 483 3866 557 3912; x_wconf 81' lang='lat' dir='ltr'><strong>lluurr</strong></span> <span class='ocrx_word' id='word_1_198' title='bbox 571 3863 631 3912; x_wconf 85' lang='lat' dir='ltr'><strong>llist.</strong></span> <span class='ocrx_word' id='word_1_199' title='bbox 649 3861 711 3911; x_wconf 78' lang='lat' dir='ltr'><strong>foed.</strong></span> <span class='ocrx_word' id='word_1_200' title='bbox 733 3865 756 3910; x_wconf 89' lang='lat'><strong>1.</strong></span> <span class='ocrx_word' id='word_1_201' title='bbox 775 3862 836 3910; x_wconf 76' lang='lat'><strong>244.</strong></span> 
     </span>
    </p>

    <p class='ocr_par' dir='ltr' id='par_1_8' title="bbox 426 3946 841 4015">
     <span class='ocr_line' id='line_1_27' title="bbox 426 3946 841 4015; baseline -0.014 -17"><span class='ocrx_word' id='word_1_202' title='bbox 426 3950 462 4015; x_wconf 81' lang='lat'><strong>(8)</strong></span> <span class='ocrx_word' id='word_1_203' title='bbox 479 3953 580 3997; x_wconf 71' lang='lat' dir='ltr'><strong>minam</strong></span> <span class='ocrx_word' id='word_1_204' title='bbox 600 3964 621 3996; x_wconf 88' lang='lat'><strong>0.</strong></span> <span class='ocrx_word' id='word_1_205' title='bbox 639 3948 699 3996; x_wconf 66' lang='grc' dir='ltr'><strong>ιε.</strong></span> <span class='ocrx_word' id='word_1_206' title='bbox 718 3948 760 3995; x_wconf 83' lang='grc'><strong>37.</strong></span> <span class='ocrx_word' id='word_1_207' title='bbox 782 3946 841 3996; x_wconf 79' lang='lat' dir='ltr'><strong>tao.</strong></span> 
     </span>
    </p>

    <p class='ocr_par' dir='ltr' id='par_1_9' title="bbox 429 4030 944 4100">
     <span class='ocr_line' id='line_1_28' title="bbox 429 4030 944 4100; baseline -0.006 -20"><span class='ocrx_word' id='word_1_208' title='bbox 429 4035 463 4100; x_wconf 70' lang='lat'><strong>(4)</strong></span> <span class='ocrx_word' id='word_1_209' title='bbox 483 4035 584 4080; x_wconf 70' lang='lat' dir='ltr'><strong>Armant</strong></span> <span class='ocrx_word' id='word_1_210' title='bbox 601 4050 623 4080; x_wconf 84' lang='lat' dir='ltr'><strong>u.</strong></span> <span class='ocrx_word' id='word_1_211' title='bbox 640 4033 656 4080; x_wconf 87' lang='lat' dir='ltr'><strong>l.</strong></span> <span class='ocrx_word' id='word_1_212' title='bbox 675 4034 700 4079; x_wconf 90' lang='lat'><strong>8.</strong></span> <span class='ocrx_word' id='word_1_213' title='bbox 718 4032 760 4079; x_wconf 84' lang='grc'><strong>37.</strong></span> <span class='ocrx_word' id='word_1_214' title='bbox 779 4031 829 4078; x_wconf 75' lang='lat'><strong>792</strong></span> <span class='ocrx_word' id='word_1_215' title='bbox 846 4039 870 4076; x_wconf 92' lang='lat' dir='ltr'><strong>et</strong></span> <span class='ocrx_word' id='word_1_216' title='bbox 883 4030 944 4077; x_wconf 78' lang='lat'><strong>803.</strong></span> 
     </span>
    </p>
   </div>
   <div class='ocr_carea' id='block_1_8' title="bbox 0 0 1563 5110">
    <p class='ocr_par' dir='ltr' id='par_1_10' title="bbox 0 0 1563 5110">
     <span class='ocr_line' id='line_1_29' title="bbox 0 0 1563 5110; baseline 0 0"><span class='ocrx_word' id='word_1_217' title='bbox 0 0 1563 5110; x_wconf 95' lang='lat' dir='ltr'><strong> </strong></span> 
     </span>
    </p>
   </div>
  </div>
 </body>
</html>
