3106 5110
645 413 688 477 tt

167 642 253 706 noris
277 640 433 706 momenti
457 640 612 727 exceptis,
638 639 682 702 uti
705 638 872 728 abrogatio
886 637 1059 702 Consulum
1080 659 1146 702 ma·

166 768 367 850 ritimorum,
395 767 509 856 quibus
532 765 584 830 alii
610 787 765 853 personae
786 764 1035 845 substituuntur,
1069 786 1144 828 oum

168 891 304 981 plurime
337 915 442 974 nova,
477 911 558 977 quae
590 889 725 954 maxime
762 887 938 977 proderant
959 883 1142 972 adduntur,

167 1021 279 1105 quibus
313 1018 470 1107 imprimis
499 1013 635 1105 vectigal
660 1013 701 1079 50
728 1013 906 1078 solidorum
929 1035 988 1102 per
1015 1029 1143 1103 pactum

166 1143 349 1210 llisvieense
369 1146 509 1232 primum
543 1156 576 1206 et
601 1163 660 1229 per
692 1139 799 1204 omnia
832 1137 949 1205 deinde
980 1142 1144 1228 sequentia

165 1269 323 1335 abolitum
336 1271 487 1360 pertinet.
535 1267 648 1332 Libera
665 1280 829 1355 praeterea
843 1266 1003 1357 navigmio
1018 1283 1050 1332 et
1065 1290 1146 1334 mer·

166 1410 276 1460 cature
302 1396 343 1460 ab
372 1395 505 1459 Oriente
534 1415 592 1480 per
621 1414 709 1456 mare
739 1389 1010 1457 Mediterraneum
1040 1416 1146 1461 versus

167 1515 289 1584 Galliae
308 1535 418 1607 portus
442 1514 646 1598 conceditur,
672 1538 775 1602 neque
791 1514 832 1581 de
849 1519 1008 1584 mercibus
1026 1542 1068 1586 πο
1084 1544 1145 1610 pro

171 1664 251 1725 roo,
276 1644 324 1710 uti
346 1659 458 1724 antea,
482 1641 606 1708 solvere
625 1640 731 1732 Belgis
749 1642 926 1727 incumbit,
952 1647 1006 1734 qui
1028 1647 1148 1714 nullam

166 1771 322 1855 majorem
353 1770 521 1859 pecuniam
551 1769 713 1834 ancoriam
742 1769 877 1836 aliamve
909 1770 996 1836 luere
1024 1794 1146 1862 cogun-

168 1907 238 1976 tur,
262 1914 358 1981 quam
374 1893 434 1982 ipsi
453 1893 594 1976 incolae,
617 1908 650 1959 et
671 1894 785 1981 quibus
807 1897 917 1961 omnia
931 1919 990 1985 per
1008 1920 1043 1963 se
1061 1899 1148 1988 ipsos

167 2038 262 2106 agere
285 2017 373 2083 licet.

210 2141 345 2225 Edicta,
376 2167 457 2231 quae
483 2145 615 2210 liberam
641 2146 789 2210 halecum
817 2147 1033 2212 invectionem
1060 2171 1146 2215 anno

172 2264 255 2354 1687
279 2266 528 2354 prohibuerant,
557 2285 761 2335 revocantur.
810 2269 903 2335 Nova
928 2272 1078 2338 confecta
1102 2291 1150 2340 est

166 2394 324 2458 mercium
352 2392 539 2473 matricula,
568 2416 669 2480 neque
694 2394 778 2458 ullae
804 2394 890 2484 leges
911 2398 960 2469 uel
976 2397 1082 2465 edicta
1098 2402 1147 2467 his

166 2519 344 2600 contraria,
370 2518 540 2608 Belgarum
563 2519 687 2584 ratione
710 2521 775 2584 vim
798 2521 931 2589 habent.

210 2642 328 2708 Omnia
357 2665 412 2724 ea,
440 2665 521 2729 quae
548 2665 777 2733 permagnam
806 2645 890 2710 illius
911 2663 1034 2735 partem
1059 2653 1146 2742 vige·

168 2770 263 2851 bant,
289 2793 360 2836 eam
385 2783 524 2834 aetatem
546 2768 673 2834 felicem
694 2769 798 2859 Belgis
819 2769 1017 2856 reddebant,
1039 2773 1144 2842 donec

165 2917 345 2960 nonovrctrs
371 2919 411 2960 xv
436 2916 494 2984 per
519 2917 616 2960 unum
639 2893 789 2960 Edictum
812 2894 865 2961 die
893 2895 933 2962 31
960 2897 1040 2966 Deo.
1069 2905 1145 2968 anni

170 3023 252 3111 1745
273 3024 392 3106 latum,
419 3022 583 3113 privilegia
594 3037 626 3087 et
637 3021 827 3106 commoda,
841 3035 940 3112 paeto
956 3031 1143 3096 commercii

167 3148 244 3210 anni
274 3150 357 3235 1789
380 3149 546 3236 praestita,
574 3149 737 3213 revocavit
761 3163 794 3212 et
817 3150 881 3214 boc
908 3150 1009 3216 modo
1032 3157 1142 3222 omnia

166 3273 298 3357 evertit,
319 3274 364 3338 ita
387 3289 423 3338 ut
441 3297 522 3361 quae
547 3289 629 3340 esset
650 3275 743 3338 initio
761 3276 872 3340 aetatis
888 3299 960 3364 spes
984 3297 1140 3370 concepta

166 3421 242 3466 mox
264 3415 474 3466 evanesceret.

211 3526 316 3592 Omne
334 3525 430 3615 igitur
450 3523 637 3590 commercii
658 3539 692 3588 et
718 3523 926 3613 navigationis
949 3544 1046 3616 pacto
1067 3533 1144 3598 abo-

167 3653 241 3734 lito,
265 3652 306 3716 ab
325 3673 365 3716 eo
385 3647 460 3714 inde
480 3665 627 3738 tempore
653 3651 693 3714 ab
714 3651 847 3714 arbitrio
869 3653 960 3719 unius
977 3656 1143 3726 alteriusve

166 3795 199 3844 et
222 3777 324 3868 pactis
347 3775 518 3842 subitaneis
544 3773 705 3862 pendebat
729 3775 933 3866 respublica,
964 3779 1005 3846 de
1031 3784 1143 3869 quibus

166 3905 309 3991 sequenti
332 3917 435 3968 aetate
457 3898 644 3967 videbimus.

581 4097 776 4124 .-...-.-.,
