3106 5110
662 400 702 466 17

177 630 268 698 dines
289 629 459 697 Generales
481 629 620 718 legatum
646 649 773 692 nonunt
794 628 964 712 miserunt,
988 628 1058 716 qui,
1083 650 1156 696 cum

177 774 318 846 tempus,
333 779 393 845 per
410 770 541 845 pactum
557 755 632 819 anni
649 753 733 834 1646
750 769 916 839 statutum,
928 755 1156 844 praeteriisset,

177 879 256 944 illud
271 889 442 946 renovaret
458 877 520 962 vel,
537 878 762 968 exceptionem
780 902 888 969 aroge
901 879 1155 970 impetraret(r).

176 1004 235 1070 llle
258 1027 391 1094 operam
413 1003 542 1093 quidem
564 1002 669 1086 dedit,
692 1002 748 1068 sed
764 1004 843 1068 nihil
859 1004 969 1070 effecit
986 1027 1059 1070 cum
1078 1027 1158 1092 quo·

178 1127 257 1195 tidie
273 1151 378 1195 novae
394 1129 541 1218 querelae
558 1126 598 1194 de
611 1128 777 1194 Gallorum
791 1127 1093 1218 depraedationibus
1106 1149 1160 1194 au-

177 1249 320 1318 direntur
336 1251 406 1344 (n);
440 1277 536 1319 naves
563 1254 650 1318 enim
675 1269 815 1319 armatae
839 1254 923 1343 regis
953 1253 1159 1320 mercatorias

176 1378 372 1468 reipublicae
403 1379 524 1443 interea
556 1376 787 1464 publicabant,
816 1379 876 1460 ita,
907 1393 944 1442 ut
967 1378 1060 1442 initio
1083 1377 1162 1442 'anni

183 1497 603 1566 1651Amstelaedamenses
613 1497 689 1565 inde
702 1499 854 1565 damnum
867 1505 910 1590 γὲ
920 1501 1100 1568 milliorum
1111 1505 1164 1570 ha·

178 1627 308 1691 buerint
317 1625 377 1716 (3),
391 1642 424 1692 et
437 1626 469 1691 vi
480 1625 626 1690 resistere
640 1625 771 1709 vellent,
788 1627 888 1715 quod,
904 1644 982 1694 tunc
997 1630 1162 1718 temporis,

181 1750 262 1814 aliae
283 1750 467 1838 provinciae
490 1746 743 1836 impediverunt,
767 1773 848 1838 quae
869 1752 982 1819 melius
1003 1752 1164 1821 ducebant

180 1871 222 1937 de
248 1895 336 1937 novo
365 1887 463 1962 pacto
489 1893 562 1936 cum
585 1869 685 1937 Gallis
710 1896 826 1965 agere,
858 1875 900 1941 ad
931 1877 1018 1966 quod
1048 1879 1165 1945 iterum

180 1999 292 2064 missus
315 2012 363 2063 est
385 1997 507 2087 legatus
529 2020 674 2081 nonunt,
703 2001 758 2086 qui
781 2016 888 2066 tamen
910 2002 991 2068 nihil
1015 2003 1165 2070 obtinuit.

225 2121 352 2188 Coaluii
367 2123 488 2190 interea
510 2146 572 2213 pax
596 2123 946 2190 Westmouasteriensis
967 2126 1165 2216 (Westmun-

181 2250 279 2339 ster),
309 2249 357 2339 (l)
381 2272 465 2316 anno
493 2248 577 2329 1654
602 2250 687 2314 inter
714 2249 835 2339 Anglos
851 2265 885 2316 et
901 2249 1035 2335 Gallos,
1061 2276 1164 2341 quae,

182 2375 324 2464 quamvis
351 2375 384 2440 in
410 2373 465 2440 illa
488 2377 585 2440 etiam
601 2373 718 2466 Belgae
737 2375 1105 2467 comprehenderentur,
1133 2393 1167 2444 et

183 2503 255 2568 Art.
279 2499 317 2568 15
335 2514 463 2565 cautum
479 2516 579 2586 esset,
603 2517 639 2567 ut
659 2501 748 2568 navis
763 2501 865 2567 libera
885 2526 965 2568 onus
981 2526 1071 2568 auum
1089 2504 1168 2570 libe·

183 2647 256 2691 rum
276 2623 449 2707 redderet,
475 2624 554 2689 nihil
575 2625 698 2691 ratione
719 2648 834 2690 eorum
855 2626 1056 2708 immutavit3
1080 2627 1169 2715 quod

182 2750 314 2839 probat,
334 2749 483 2837 autiquae
499 2748 658 2814 amicitiae
672 2772 865 2816 ncoovrcnu
878 2773 933 2816 xrv
943 2751 1167 2818 immemorem

183 2875 280 2941 luisse
303 2885 336 2940 et
357 2874 471 2964 Belgas
491 2874 592 2964 magis
606 2874 754 2940 inimicos
770 2897 866 2964 quam
881 2875 1165 2964 amicosduxisee,

181 3012 217 3064 ut
232 2998 330 3062 etiam
346 3019 423 3062 mcx
439 2998 586 3086 apparuit
601 3020 640 3062 ex
654 3020 741 3064 novo
757 3000 905 3090 vectigali
928 2999 970 3066 50
985 3000 1164 3070 solidorum

181 3147 202 3190 a
219 3145 409 3213 quacunque
427 3145 525 3208 nave,
549 3124 675 3189 ratione
689 3125 798 3190 habita
815 3125 941 3191 numeri
963 3125 1163 3211 mediorum,

179 3247 335 3316 solvendo
352 3247 430 3338 (vat-
456 3247 494 3314 of
514 3246 683 3348 lantgeld),
702 3248 750 3338 (5)
767 3249 901 3316 fortasse
914 3249 957 3316 ad
977 3252 1160 3341 exemplum

211 3587 248 3655 (1)
265 3589 368 3636 Anum
385 3605 406 3637 c.
427 3589 445 3637 l.
466 3592 490 3639 7.
510 3590 554 3639 30.
572 3590 630 3638 tet.

212 3674 247 3741 (2)
265 3675 367 3722 Anum
382 3691 404 3722 o.
425 3673 442 3722 l.
463 3675 628 3738 13141171

211 3758 247 3826 (3)
266 3759 401 3810 Wlorrmn
415 3775 437 3807 o.
452 3757 470 3807 l.
487 3761 529 3808 11.
546 3760 588 3808 51.
609 3767 632 3805 et
649 3770 745 3807 urim
766 3777 788 3806 e.
799 3759 816 3808 l.
829 3764 851 3810 7.
863 3762 907 3810 31.
922 3761 981 3810 493.
996 3763 1038 3827 qni
1053 3759 1123 3812 dicit:
1138 3779 1167 3829 op

275 3842 383 3908 Ettelijlie
399 3843 542 3893 ldillioenen.

214 3926 251 3993 (4)
270 3929 305 3977 Du
322 3943 383 3977 nom
399 3945 421 3978 o.
438 3929 456 3979 l.
475 3933 501 3978 Β.
522 3931 580 3978 121.

209 4011 245 4078 (b)
265 4013 399 4062 wiotum
414 4031 435 4061 e.
452 4013 469 4062 l.
489 4015 530 4062 12.
546 4014 605 4061 aec.
641 4011 696 4060 Vide
714 4014 783 4062 etiem
802 4027 869 4062 tusto
887 4013 948 4062 Holl.
968 4014 1045 4078 llijkd.
1065 4018 1089 4066 l.
1105 4019 1164 4069 241.

999 4143 1018 4184 2
