3106 5110
830 447 873 512 62

364 677 467 754 amica
493 690 603 742 vectae
627 673 867 764 publicarentur
890 688 1004 737 contra
1029 673 1191 762 regulam:
1233 673 1347 740 Libere

363 805 469 887 navis,
501 803 602 868 libera
627 823 730 868 merx.
750 836 790 852 »-
807 799 881 864 Hoc
905 797 1013 864 edicto
1037 797 1193 864 commoti
1210 796 1348 864 Ordines

363 926 537 994 Genemles
553 927 640 1015 prius
657 925 820 990 decretum
837 925 912 988 unni
929 944 1014 1012 1779
1025 920 1066 987 de
1083 944 1150 988 non
1166 921 1348 988 conducen·
1365 911 1368 914 ¹

363 1051 413 1134 die
434 1052 567 1117 navibus
588 1052 721 1116 materie
745 1049 851 1114 navali
873 1050 994 1114 onustis
1010 1045 1258 1137 suspenderunt,
1283 1065 1347 1137 quo

364 1192 472 1242 tamen
489 1198 592 1263 neque
608 1189 777 1240 contentus
791 1197 847 1239 rex
862 1173 914 1238 die
933 1197 974 1261 27
991 1172 1111 1263 Aprilis
1131 1195 1348 1262 1779n0vam

365 1301 521 1366 mercium
538 1301 737 1365 matriculam
756 1299 916 1382 confecit,
929 1321 968 1363 ex
985 1321 1047 1386 qun
1062 1297 1178 1387 Belgae
1185 1299 1220 1385 f
1233 1296 1271 1364 15
1290 1321 1349 1388 per

363 1426 487 1516 ¹singule
513 1441 648 1490 centena
673 1448 769 1513 supra
795 1425 890 1489 solita
913 1422 1083 1512 vectigalia
1107 1421 1302 1512 penderent3
1330 1447 1348 1489 u

361 1553 482 1640 quibus
498 1569 604 1616 autem
619 1552 715 1616 urbes
739 1551 926 1615 Harlemum
947 1563 980 1614 et
1000 1547 1293 1614 Amstelaedumum
1317 1562 1349 1616 et

365 1677 459 1742 brevi
473 1689 547 1764 post
558 1691 661 1740 totam
675 1673 882 1740 Hollandiem
891 1673 1037 1762 excepit,
1052 1672 1232 1742 dummodo
1249 1697 1348 1742 esen·

368 1801 467 1865 tentia
477 1798 658 1863 dennvibus
668 1798 885 1864 conducendis
895 1823 962 1864 non
974 1799 1242 1892 discederent(1).
1257 1801 1347 1883 Quae

366 1926 476 1990 omnia
490 1925 658 2014 Belgarum
673 1927 812 2007 animos,
827 1926 1014 2013 praesertim
1027 1927 1157 1992 illorum
1170 1928 1222 2014 qui
1236 1951 1348 2017 excep-

303 2099 308 2110 .
367 2054 466 2132 tinne.
480 2051 564 2116 fana
590 2071 656 2115 non
681 2051 884 2133 fruebantur,
909 2050 1122 2117 incenderunt
1138 2067 1169 2116 et
1187 2053 1345 2118 internum

365 2178 567 2266 reipublicae
582 2175 775 2242 discordium
791 2192 1039 2264 promoverunt,
1065 2199 1161 2263 quum
1175 2177 1209 2242 hi
1226 2176 1347 2265 Anglo·

367 2303 516 2384 cum7illi
532 2301 697 2366 Gallorum
712 2317 818 2390 parces
834 2311 1058 2389 sequerentur3
1083 2325 1121 2366 ex
1137 2325 1202 2389 quo
1219 2317 1349 2366 contro·

368 2428 491 2493 versiae
506 2449 546 2492 eo
558 2427 719 2517 graviores
735 2442 882 2508 exortae,
900 2449 966 2514 quo
983 2427 1082 2516 magis
1098 2424 1291 2492 desiderium
1310 2425 1349 2491 li-

368 2555 494 2622 beriore
521 2569 700 2620 mercatura
724 2549 851 2618 fruendi
880 2550 1002 2620 aderat.
1025 2588 1071 2606 --
1100 2551 1245 2618 Tandem
1272 2575 1350 2618 vem

309 2742 312 2750 .
365 2678 422 2745 die
448 2679 467 2745 3
490 2679 575 2746 Nov.
602 2677 742 2764 ejusdem
769 2678 846 2742 anni
862 2674 998 2741 Ordines
1014 2676 1204 2759 Generuies,
1231 2697 1352 2744 merce·

371 2805 495 2868 roribus
526 2803 642 2869 acriter
668 2803 877 2883 instantibus,
912 2800 1125 2868 decreverunt
1152 2801 1193 2868 de
1220 2775 1350 2892 puirlico

373 2929 503 2993 navium
520 2913 691 2992 'conductu
719 2928 882 2992 illiminto
911 2926 1123 3017 (onbepualde
1146 2925 1349 3014 eumenen),

372 3059 511 3148 exceptis
524 3058 659 3123 navibus
675 3058 808 3123 materie
824 3056 864 3122 ad
880 3081 976 3124 naves
992 3057 1220 3126 construendas
1234 3055 1353 3124 idonea

375 3275 695 3292 unu—...m

465 3431 593 3472 merentum
607 3424 682 3490 gemis
695 3425 801 3472 neutrius
816 3437 868 3472 enm
885 3423 948 3472 hoste
963 3417 1032 3490 regis,
1050 3424 1116 3474 modo
1130 3439 1177 3474 non
1190 3424 1276 3474 vehent
1290 3441 1359 3474 onem

450 3509 537 3556 ¹vetita
551 3507 588 3555 vel
605 3523 691 3554 merces
701 3523 713 3555 e
723 3506 872 3572 productione
888 3517 961 3556 terme
977 3509 1015 3556 vel
1029 3508 1148 3557 einbricis
1165 3508 1266 3557 hostium
1282 3517 1359 3558 exorte

467 3589 508 3656 (du
523 3608 563 3640 cru
578 3607 609 3639 au
625 3589 756 3658 fabrique),
773 3605 819 3657 quo
829 3607 883 3640 cnsu
902 3607 987 3640 merces
1002 3605 1048 3640 non
1062 3607 1114 3639 vero
1128 3607 1197 3640 nares
1212 3591 1360 3656 publicaren-

465 3683 520 3733 tur,
546 3671 608 3738 quod
636 3675 706 3720 etiam
727 3673 840 3722 obtineret
859 3674 888 3722 de
908 3673 1028 3724 mereibne
1047 3673 1172 3725 hostifflans
1197 3685 1255 3724 neve
1279 3685 1361 3724 neutra

466 3755 573 3807 advectis.

500 3841 603 3890 Plurima
619 3841 675 3891 tulin
693 3843 753 3907 regis
772 3841 860 3891 Galliae
878 3841 957 3892 Edicta
979 3844 1006 3892 de
1027 3846 1162 3893 commercio
1181 3843 1286 3911 gentium
1303 3858 1359 3892 neu·

465 3938 552 3976 tratum
572 3936 668 3988 extent,
695 3929 829 3992 praesertim
846 3945 958 3977 annorum
978 3931 1045 3978 1694
1064 3939 1088 3978 et
1108 3931 1191 3992 1704,
1216 3945 1275 3996 quae
1298 3930 1362 3978 inve·

466 4013 564 4060 niuntnr
579 4013 604 4061 in
621 4028 688 4077 opere
706 4011 802 4060 Reeueil
819 4029 871 4079 gen.
889 4017 932 4062 20.
949 4015 1008 4062 213.
1030 4015 1081 4062 452
1098 4025 1140 4062 cet.

413 4096 448 4162 (1)
466 4096 540 4144 xum
557 4113 578 4144 o.
599 4097 616 4144 Ι.
638 4100 661 4144 1.
679 4097 729 4144 2⁰7
750 4109 797 4161 sqq.
