3096 5114
844 429 888 494 38

376 659 552 743 mensibus,
575 681 691 725 novem
721 656 898 740 darentur,¹
916 657 1001 720 inter
1023 675 1103 743 quos
1120 654 1243 722 civibus
1256 653 1356 746 profi·

377 785 454 850 cisci
475 799 509 848 et
529 804 652 849 merces
674 795 909 870 transportare,
932 777 1073 868 liceret(
1094 779 1121 868 ).

421 909 539 974 Initum
568 923 615 974 est
640 921 786 996 pactum,
815 905 908 970 sicuti
934 902 1150 993 praecedens,
1181 904 1216 968 in
1243 903 1357 994 viginti

377 1032 516 1120 quinque
539 1053 658 1115 annos,
682 1031 733 1096 cui
753 1027 857 1095 adhuc
882 1029 1045 1094 Articulus
1064 1027 1246 1119 adjungitur
1265 1053 1357 1120 sepa·

378 1171 466 1221 ratus
479 1154 520 1222 de
534 1156 685 1246 vectigali
699 1154 740 1223 50
756 1155 952 1240 solidorum,
967 1157 1020 1244 qui
1037 1179 1110 1222 cum
1126 1155 1274 1221 Articulo
1289 1155 1357 1222 foe·

379 1279 463 1345 deris
478 1281 553 1346 anni
579 1281 661 1346 1662
684 1281 877 1346 verbotenus
893 1280 1044 1369 quadrat,
1069 1303 1108 1346 ex
1123 1302 1188 1368 quo
1204 1296 1354 1371 apparet,

377 1425 486 1493 regem
511 1403 650 1489 Galliae,
674 1406 736 1472 hac
752 1405 787 1469 in
803 1426 859 1488 re,
877 1404 1047 1494 Belgarum
1064 1404 1200 1492 querelis
1216 1427 1284 1470 noa
1299 1405 1358 1472 ob-

376 1528 621 1617 temperavisse,
654 1551 727 1594 cum
754 1551 773 1594 a
801 1527 952 1618 vectigali
974 1527 1127 1595 recedere
1147 1528 1249 1594 nollet
1269 1526 1357 1618 quod

376 1656 611 1743 quammaxime
636 1655 760 1720 aerario
785 1654 918 1743 publico
941 1649 1093 1742 prodesse
1114 1651 1355 1740 contendebat,

379 1781 522 1868 quamvis
534 1780 651 1869 Belgae
663 1778 776 1845 eadem
794 1787 894 1844 onera
911 1779 1145 1868 imposuerint,
1169 1795 1205 1844 ut
1228 1779 1275 1846 sic
1296 1781 1356 1846 sibi

378 1903 531 1970 damnum
554 1918 811 1994 compensarent.
859 1903 915 1968 Fst
936 1905 1034 1972 etiam
1056 1907 1142 1994 pacti
1155 1903 1236 1972 illud
1251 1907 1354 1996 singu·

376 2029 463 2115 lare,
491 2027 596 2119 quod,
629 2053 702 2095 cum
721 2031 846 2110 omnia,
876 2029 988 2117 quibus
1011 2043 1105 2095 antea
1121 2028 1162 2094 de
1178 2045 1357 2096 mercamra

378 2169 506 2219 cautum
530 2155 589 2239 sit,
619 2155 655 2220 in
684 2152 869 2220 foederibus
892 2155 979 2244 pacis
1004 2169 1038 2222 et
1065 2153 1357 2222 confoederationis

376 2279 461 2344 inter
482 2277 683 2344 conditiones
707 2293 993 2369 computarentur,
1018 2281 1159 2370 primum
1174 2297 1241 2366 est,
1267 2280 1357 2371 quod

376 2414 500 2469 tantum
523 2401 564 2467 de
584 2404 653 2469 sola
673 2405 876 2494 navigatione
897 2419 930 2470 et
947 2405 1145 2470 commercio
1162 2405 1247 2496 agit,
1269 2405 1358 2472 unde

376 2526 477 2615 liquet
504 2542 580 2592 tunc
600 2529 770 2617 temporis,
792 2527 931 2617 populos
953 2530 1178 2596 contrahentes
1198 2544 1356 2596 mercatu·

376 2673 445 2716 ram
463 2667 532 2716 tam
550 2651 657 2741 magni
676 2653 838 2735 habuisse,
860 2667 896 2716 ut
911 2652 1081 2741 separatim
1097 2651 1139 2718 de
1162 2651 1221 2718 illo
1239 2676 1357 2720 conve·

376 2776 447 2840 nire
470 2775 619 2857 mallent,
643 2774 856 2864 intelligentes
876 2776 1016 2864 regionis
1042 2774 1289 2866 compendium,
1313 2777 1357 2843 ci·

375 2899 463 2963 vium
483 2897 671 2962 felicitatem
687 2897 721 2961 iu
739 2919 777 2962 ea
794 2897 950 2986 imprimis
974 2919 1041 2963 esse
1063 2899 1169 2967 sitam.

422 3019 528 3102 Quum
545 3044 604 3110 per
617 3043 731 3110 pacem
742 3020 1012 3110 Neomagensem,
1027 3023 1165 3114 quietem
1179 3023 1213 3088 in
1228 3023 1357 3112 Europa

377 3146 557 3214 restitutum
584 3145 625 3210 iri
656 3167 767 3210 omnes
797 3161 986 3234 sperarent,
1017 3147 1109 3214 brevi
1138 3165 1237 3237 post,
1267 3171 1358 3239 spem

376 3269 465 3336 illam
481 3289 664 3334 annotinus
679 3289 734 3334 xsv
748 3267 878 3353 fefellit,
901 3271 955 3358 qui
967 3273 1018 3358 jus
1033 3271 1093 3337 sibi
1108 3271 1142 3338 in
1158 3271 1270 3362 Belgio
1287 3271 1359 3338 His·

377 3395 495 3486 panico
515 3409 700 3484 competere
721 3391 937 3478 contendens,
962 3396 1003 3461 ab
1028 3418 1069 3462 eo
1086 3396 1238 3463 recedere
1253 3397 1358 3466 noluit

378 3533 412 3585 et
423 3521 490 3606 jam
506 3541 592 3586 anno
617 3517 700 3586 1683
717 3541 770 3586 eas
788 3520 936 3612 regiones
956 3521 1073 3590 iterum
1096 3524 1127 3590 vi
1146 3521 1276 3590 adortus
1293 3537 1352 3591 est.

414 3875 449 3942 (1)
466 3873 518 3925 tid.
542 3875 592 3924 Art.
619 3875 661 3924 ³7.
697 3876 779 3924 blisum
806 3886 840 3925 stt
865 3875 926 3944 quod
949 3879 973 3928 ia
988 3880 1037 3926 ln.
1060 3879 1092 3930 td
1111 3878 1209 3930 laederis
1230 3883 1295 3948 paria
1312 3891 1362 3932 tm·

470 3969 521 4010 tum
546 3973 586 4008 sex
608 3957 764 4012 concedantur
789 3975 891 4024 menna,
919 3977 990 4030 mam
1016 3961 1056 4013 bic
1078 3973 1170 4032 tempas
1190 3967 1215 4016 iu
1236 3981 1316 4018 noveru
1332 3967 1362 4018 atr

471 4041 577 4094 dilatum.
