3106 5110
836 378 877 441 1⁰

224 611 237 632 ”
369 605 485 670 anirum
513 606 627 696 iginus,
647 617 758 692 postea
783 599 825 666 ad
849 602 912 666 hoc
934 599 1048 666 foedius
1061 623 1157 690 saepe
1182 625 1250 670 esse
1271 627 1346 693 pro·

365 741 533 812 vocaturn,
557 751 632 794 mm
653 725 820 816 privilegia
847 748 1000 792 maressa
1021 749 1161 794 muer
1186 753 1347 798 mo·

366 877 417 922 res
449 853 679 934 diminuerent,
710 866 745 916 ut
771 851 836 916 hoc
867 849 967 916 modo
998 851 1123 920 Galliae
1147 872 1346 922 memmae

367 978 522 1044 inserent.

412 1101 503 1168 Brevi
520 1108 593 1190 post
613 1095 727 1164 foedus
742 1096 874 1177 initum,
892 1118 978 1161 anno
996 1095 1100 1184 1598,
1115 1122 1180 1189 pax
1195 1099 1332 1167 Varrien

366 1225 408 1290 sis
424 1223 508 1290 inter
529 1219 667 1286 Galliam
688 1229 721 1286 et
745 1218 931 1308 Hispaniam
947 1218 1081 1303 eoelum,
1102 1243 1186 1308 qm,
1204 1228 1346 1311 quamvls

367 1369 547 1432 ιιιιιιιιοιιι,
572 1369 607 1412 se
631 1345 714 1434 regis
733 1344 876 1410 hostibus
897 1344 1162 1430 nonsummum,
1187 1351 1342 1438 promise·

366 1485 417 1540 rat
427 1473 474 1562 (1)
488 1489 595 1540 tamen
610 1470 730 1562 Belgis,
749 1469 791 1536 da
804 1493 886 1559 pace
900 1471 1071 1560 separatim
1086 1472 1182 1556 inita,
1194 1495 1342 1560 qusaeren-

367 1601 468 1683 ribus,
487 1598 637 1666 auxilium
653 1596 726 1663 tulit
742 1611 775 1662 et
790 1597 1014 1661 auctoritatem
1028 1598 1221 1686 interposuit
1233 1598 1275 1663 ad
1291 1621 1346 1688 pa·

365 1747 435 1790 cem
460 1720 733 1814 promovendam
757 1743 855 1809 quare
875 1736 1010 1809 propter
1029 1721 1243 1788 diffidentiam
1259 1726 1345 1790 inter

365 1848 501 1938 populos
530 1847 701 1930 bellantes,
728 1869 800 1912 cum
826 1846 1003 1910 Provinciis
1028 1848 1125 1911 aminis
1151 1847 1194 1912 23
1216 1848 1345 1913 ianuar.

366 1967 442 2040 anni
479 1973 561 2040 1608
598 1971 697 2062 llagis
728 1967 842 2036 foedus
876 1970 949 2034 iniit
978 1985 1053 2060 post
1084 1993 1200 2059 panem
1234 1972 1347 2040 valitu-

369 2121 438 2166 rum
454 2097 517 2188 (a),
537 2119 601 2188 quo
621 2096 690 2162 Art.
716 2117 774 2178 10,
799 2116 882 2182 quae
899 2117 957 2182 per
971 2096 1043 2162 Art.
1063 2096 1083 2162 8
1103 2094 1243 2162 foederis
1263 2085 1348 2184 1596

367 2223 408 2292 de
428 2239 607 2292 mercatura
622 2237 714 2288 arant
728 2230 864 2301 statuta,
888 2220 1098 2288 confirmavit.
1144 2223 1298 2290 Ηιιιιιιιαο
1312 2246 1347 2288 ιι

366 2351 496 2436 nonno,
522 2350 630 2440 priora
646 2358 743 2438 pacta
760 2370 779 2413 a
796 2346 863 2414 filio
885 2350 951 2434 ejus
972 2369 1139 2414 unnovrco
1160 2373 1224 2416 1111
1248 2354 1348 2420 robo-

367 2491 583 2544 summulae
605 2474 742 2566 plurimu
763 2496 863 2552 nova,
889 2471 973 2540 dune
993 2473 1035 2540 de
1057 2473 1243 2559 llichelieu,
1268 2479 1347 2544 inira

365 2601 406 2672 ad
426 2604 667 2672 Austriaoorum
687 2615 877 2692 potestatem
900 2599 1109 2691 frangendam
1124 2619 1157 2668 et
1175 2604 1346 2692 imperium

366 2728 590 2812 evomendum,
604 2729 638 2794 in
652 2727 777 2816 quibus,
795 2749 834 2792 nc
848 2729 1035 2816 praesertim
1046 2728 1080 2792 in
1093 2743 1190 2817 pacto
1209 2753 1247 2793 10
1261 2731 1345 2796 Junii

365 2853 441 2920 unni
472 2853 573 2936 1624,
599 2853 702 2920 libera
717 2852 822 2940 Belgis
841 2852 993 2942 permissa
1009 2870 1207 2938 mercatura,
1241 2855 1346 2923 donec

368 2977 409 3046 du
429 2977 484 3044 illa
506 2977 618 3044 melius
642 2977 806 3066 provisum
828 2975 930 3058 foret,
954 3000 1027 3042 cum
1050 3001 1091 3043 ex
1115 2982 1186 3045 Art.
1208 2981 1230 3046 6
1251 3004 1345 3047 naves

367 3127 384 3170 u
409 3101 518 3194 piratis
540 3117 671 3194 captae,
695 3102 728 3165 in
750 3116 881 3192 portum
907 3103 986 3166 socii
1012 3101 1233 3190 advenientes,
1257 3110 1346 3174 resti·

368 3243 532 3296 tuerentur
547 3225 605 3318 (3).
651 3227 784 3293 Duravit
807 3226 921 3293 foedus
945 3227 1025 3293 illud
1042 3228 1082 3294 ad
1102 3236 1343 3328 annumu6ap,

366 3377 430 3446 quo
446 3371 594 3447 tempora
609 3353 736 3420 Parisiis
753 3370 942 3421 renovatum
959 3366 1007 3420 est
1028 3372 1060 3422 et
1074 3356 1212 3448 plurima
1237 3359 1345 3428 addita

365 3481 521 3570 imprimis
543 3480 583 3548 nd
607 3481 825 3572 Hispanorum
848 3481 994 3550 fraudem
1018 3484 1245 3553 cohibendam.
1386 3577 1387 3580 Ἴ

395 3735 430 3804 (1)
449 3733 504 3786 vide
522 3737 569 3788 Αιῑ.
588 3739 613 3786 2.
633 3737 693 3814 iuml²
715 3739 778 3806 apud
795 3755 836 3789 son
853 3759 874 3790 o.
894 3743 910 3790 l.
930 3744 953 3790 6.
972 3743 1014 3792 86.
1035 3744 1122 3791 sti-aa.

395 3823 430 3892 (Β)
449 3823 483 3872 nu
501 3835 560 3874 Ιοπι·
576 3841 597 3874 o.
615 3822 632 3874 l.
650 3826 676 3874 ὅ.
694 3826 778 3876 ΜΟ.

395 3907 431 3974 (8)
449 3909 484 3958 nu
500 3921 559 3958 Ιοιιτ
582 3925 603 3959 o.
623 3909 639 3960 l.
660 3911 685 3960 ὕ.
703 3913 728 3960 2.
756 3912 813 3960 4⁰1.
840 3921 860 3959 ιι
887 3925 983 3964 imm
1004 3913 1094 3963 Saelen
1110 3929 1153 3963 ven
1176 3921 1233 3962 stan
1253 3931 1282 3962 en
1302 3932 1350 3964 nor-

458 3991 511 4058 legi
532 3997 554 4044 l.
575 3997 599 4044 4.
621 3997 678 4046 718.
