3106 5110
664 429 706 494 37

191 673 224 724 et
239 658 311 724 Art.
333 655 431 736 36-48
447 652 489 718 ad
503 652 641 719 litteram
657 651 742 735 fere,
759 653 843 718 inter
858 675 892 717 se
908 667 1088 743 congruunt
1105 653 1118 742 (
1139 653 1166 742 )

190 781 346 870 Exceptio
360 780 411 847 vel
425 780 531 869 potius
548 776 671 842 additio
687 778 759 843 Art.
777 777 796 841 3
811 793 844 842 et
858 801 899 841 aa
914 777 1004 843 adest
1015 778 1082 868 (a),
1099 781 1167 867 qui·

188 906 247 970 b'us
262 913 431 986 statutum,
453 917 489 966 ut
502 924 584 989 quae
601 917 675 990 post
690 924 806 990 pacem
820 902 933 966 initam
946 901 1013 991 (3),
1029 905 1167 968 invicem

189 1040 381 1116 caperentur
408 1027 443 1090 in
464 1027 545 1090 mari
566 1026 707 1110 Baltico,
730 1025 782 1091 vel
802 1025 1021 1114 septentrioni
1047 1050 1067 1091 a
1092 1050 1168 1115 pro-

189 1154 353 1218 montorio
385 1154 545 1218 Terneuse
571 1153 607 1216 in
637 1151 800 1240 Norvegia
827 1149 869 1215 ad
896 1153 1015 1216 exitum
1042 1153 1168 1218 Canalis

72 1351 84 1366 .
189 1277 233 1365 (la
250 1276 401 1365 Manche)
414 1277 498 1342 intra
513 1292 651 1366 quatuor
669 1272 906 1358 hebdomades,
929 1276 983 1340 vel
998 1275 1112 1342 exinde
1125 1275 1167 1340 ad

189 1404 449 1493 promontorium
472 1401 518 1466 S‘.
542 1399 681 1466 Vincent
708 1400 794 1464 intra
822 1422 893 1482 sex,
915 1399 967 1464 vel
994 1401 1035 1465 ab
1057 1401 1115 1465 illo
1132 1403 1167 1466 in

190 1528 272 1590 mari
293 1523 531 1591 Mediterraneo
556 1522 721 1611 usquead
748 1523 963 1611 Aequatcrem
995 1524 1040 1612 (la
1070 1523 1168 1614 ligne)

190 1649 274 1714 intra
298 1648 412 1715 decem
436 1647 671 1731 hebdomades,
698 1648 751 1715 vel
769 1648 852 1714 infra
872 1649 962 1714 illum
984 1665 1016 1714 et
1036 1649 1077 1714 ad
1098 1673 1167 1714 om·

189 1795 245 1838 nes
265 1772 351 1837 orbis
378 1783 533 1836 terrarum
559 1783 665 1860 partes
687 1772 771 1836 intra
791 1787 867 1836 octo
889 1794 1030 1855 menses,
1056 1772 1168 1838 redde·

187 1912 298 1962 rentur
327 1894 394 1984 (4),
425 1919 523 1984 quum
553 1911 720 1985 praeterea
748 1897 874 1985 regula:
912 1897 1027 1964 Libera
1055 1899 1164 1982 navis,

188 2020 288 2087 libera
313 2044 418 2102 merx,
441 2022 530 2086 navis
555 2020 697 2104 hostilis,
722 2043 813 2086 merx
838 2020 962 2085 hostilis
984 2023 1049 2086 hoc
1065 2023 1165 2088 modo

188 2143 426 2225 extenderetur,
450 2159 488 2208 ut
507 2166 602 2231 quae,
618 2145 652 2208 in
669 2145 744 2208 navi
758 2143 886 2226 hostili,
904 2167 1027 2209 merces
1046 2145 1167 2210 amicae

188 2270 239 2334 vel
256 2284 329 2334 ante
343 2267 483 2350 bellum,
501 2267 554 2332 vel
568 2268 652 2334 intra
666 2283 792 2356 tempus
808 2283 1040 2352 memoratum,
1061 2269 1168 2334 illatae

189 2407 310 2476 essent,
330 2391 451 2456 liberae
476 2407 656 2475 manerent,
674 2392 780 2460 vetitis
804 2393 965 2481 exceptis,
981 2417 1020 2459 ac
1040 2394 1075 2458 in
1094 2397 1169 2461 navi

188 2519 292 2604 amica
305 2529 339 2583 et
352 2519 461 2582 hostes
479 2517 557 2606 ipsi,
581 2515 682 2582 modo
702 2540 769 2582 non
791 2517 924 2601 milites,
944 2521 1105 2588 immunes
1120 2546 1167 2588 es·

188 2659 269 2710 sent.
315 2641 406 2709 Bello
427 2664 506 2708 vero
521 2643 606 2707 inter
630 2643 853 2708 contrahentes
877 2657 1007 2725 exorto,
1031 2668 1092 2732 pro
1111 2669 1165 2710 sex

224 3109 260 3177 (l)
277 3109 326 3157 hrt.
342 3109 377 3156 20
394 3105 454 3156 seed.
473 3108 529 3156 anni
547 3107 613 3156 toea
629 3117 654 3154 et
672 3107 747 3156 Art?
757 3105 1026 3170 hnjuseeineotantum
1041 3110 1167 3175 differunt,

279 3191 341 3258 quod
357 3207 399 3256 per
416 3191 517 3256 primurn
534 3207 582 3239 non
599 3191 670 3238 licuit
691 3190 769 3239 oleum
794 3189 931 3239 Balnearum
947 3190 1073 3253 invehere,
1096 3193 1169 3243 donec

210 3279 213 3286 ’
278 3287 400 3344 tempusa
415 3290 469 3340 rege
487 3274 596 3324 societati
608 3275 709 3324 Gallicae
725 3289 871 3334 concessum,
888 3283 946 3320 esset
960 3276 1125 3339 praeteritum,
1142 3281 1169 3330 in

279 3361 352 3410 altero
373 3375 425 3406 vero
443 3357 471 3406 de
490 3357 533 3406 illo
556 3374 602 3405 non
622 3367 730 3418 cavetur,
754 3355 793 3403 sed
816 3356 874 3403 talia
893 3355 1017 3420 privilegia
1035 3357 1126 3408 civibus
1143 3363 1170 3411 in

278 3445 441 3494 detrimentum
454 3443 511 3491 socii
527 3440 649 3490 concedere
666 3449 765 3501 vetatur,
782 3437 819 3485 his
836 3435 926 3485 verbis:
941 3438 969 3484 Et
985 3453 1036 3486 sans
1052 3442 1111 3506 qu'il
1127 3447 1171 3495 soit

278 3531 391 3596 permisi
409 3528 460 3577 l’un
475 3544 505 3576 on
521 3529 534 3575 i
548 3526 631 3574 l’auue
649 3523 677 3572 de
694 3520 804 3570 eonceder
816 3537 846 3570 ou
865 3519 893 3568 de
912 3521 970 3570 faire
988 3523 1079 3574 alens
1096 3530 1169 3592 sujeu

277 3613 318 3662 des
338 3611 485 3672 imminutis,
503 3609 632 3670 henefioes,
650 3607 706 3656 dons
725 3608 824 3674 gratuite
842 3622 873 3656 ou
892 3616 968 3656 autres
987 3621 1108 3679 avantages
1126 3631 1169 3680 par
1251 3615 1254 3620 '

277 3697 353 3746 dessns
373 3713 431 3745 ceux
448 3693 477 3743 de
496 3693 580 3744 l'autre
599 3711 630 3742 ou
649 3695 662 3742 ei
680 3693 732 3742 leur
750 3691 877 3760 prejudice.

219 3783 254 3850 (2)
272 3784 306 3832 ct.
325 3783 373 3830 hrt.
391 3783 425 3830 35
444 3779 504 3829 soed.
524 3780 600 3829 1682.

219 3869 257 3935 (3)
274 3869 292 3915 d
313 3878 414 3935 compter
428 3865 511 3933 depuis
530 3865 553 3914 la
572 3863 716 3931 publication
734 3861 762 3911 de
781 3862 804 3912 la
823 3862 936 3927 presente.

220 3954 255 4021 (t)
273 3951 355 4004 Eodem
371 3951 451 4014 modo,
468 3950 550 4002 iisdem
567 3950 643 4002 verbis
661 3952 686 4001 in
705 3951 756 4016 ipso
774 3946 864 3997 foedere
883 3946 947 4011 pacis
964 3947 1039 3994 ΔΜ
1056 3946 1084 3996 de
1104 3949 1165 4002 hisce

277 4047 374 4088 caretur.
