<?xml version="1.0" encoding="UTF-8"?>
<!DOCTYPE html PUBLIC "-//W3C//DTD XHTML 1.0 Transitional//EN"
    "http://www.w3.org/TR/xhtml1/DTD/xhtml1-transitional.dtd">
<html xmlns="http://www.w3.org/1999/xhtml" xml:lang="en" lang="en">
 <head>
  <title>
</title>
<meta http-equiv="Content-Type" content="text/html;charset=utf-8" />
  <meta name='ocr-system' content='tesseract 3.04.00' />
  <meta name='ocr-capabilities' content='ocr_page ocr_carea ocr_par ocr_line ocrx_word'/>
</head>
<body>
  <div class='ocr_page' id='page_1' title='image "./disputatiopolit00roogoog_0077.png"; bbox 0 0 3106 5110; ppageno 0'>
   <div class='ocr_carea' id='block_1_1' title="bbox 786 673 870 757">
    <p class='ocr_par' dir='ltr' id='par_1_1' title="bbox 786 673 870 757">
     <span class='ocr_line' id='line_1_1' title="bbox 786 673 870 757; baseline 0 -77"><span class='ocrx_word' id='word_1_1' title='bbox 786 673 815 757; x_wconf 60' lang='lat' dir='ltr'><strong>‚s</strong></span> <span class='ocrx_word' id='word_1_2' title='bbox 842 699 870 740; x_wconf 29' lang='lat'><strong>¹·</strong></span> 
     </span>
    </p>
   </div>
   <div class='ocr_carea' id='block_1_2' title="bbox 343 897 1325 1371">
    <p class='ocr_par' dir='ltr' id='par_1_2' title="bbox 343 897 1325 1371">
     <span class='ocr_line' id='line_1_2' title="bbox 343 897 1325 991; baseline -0.02 -7"><span class='ocrx_word' id='word_1_3' title='bbox 343 921 477 984; x_wconf 78' lang='lat' dir='ltr'><strong>Pactum</strong></span> <span class='ocrx_word' id='word_1_4' title='bbox 494 922 578 978; x_wconf 80' lang='lat' dir='ltr'><strong>inter</strong></span> <span class='ocrx_word' id='word_1_5' title='bbox 595 927 788 975; x_wconf 81' lang='lat' dir='ltr'><strong>annovrcun</strong></span> <span class='ocrx_word' id='word_1_6' title='bbox 803 925 857 967; x_wconf 83' lang='lat' dir='ltr'><strong>xvr</strong></span> <span class='ocrx_word' id='word_1_7' title='bbox 872 923 978 991; x_wconf 79' lang='lat' dir='ltr'><strong>regem</strong></span> <span class='ocrx_word' id='word_1_8' title='bbox 999 897 1125 964; x_wconf 75' lang='lat' dir='ltr'><strong>Galliae</strong></span> <span class='ocrx_word' id='word_1_9' title='bbox 1138 913 1171 963; x_wconf 80' lang='lat' dir='ltr'><strong>et</strong></span> <span class='ocrx_word' id='word_1_10' title='bbox 1185 919 1325 965; x_wconf 83' lang='lat' dir='ltr'><strong>onnrnas</strong></span> 
     </span>
     <span class='ocr_line' id='line_1_3' title="bbox 386 1022 1282 1124; baseline -0.022 -17"><span class='ocrx_word' id='word_1_11' title='bbox 386 1061 572 1107; x_wconf 72' lang='lat' dir='ltr'><strong>sarnatus</strong></span> <span class='ocrx_word' id='word_1_12' title='bbox 595 1036 702 1124; x_wconf 68' lang='lat' dir='ltr'><strong>Belgis·</strong></span> <span class='ocrx_word' id='word_1_13' title='bbox 724 1029 893 1097; x_wconf 69' lang='lat' dir='ltr'><strong>Foederata·</strong></span> <span class='ocrx_word' id='word_1_14' title='bbox 916 1025 957 1090; x_wconf 78' lang='lat' dir='ltr'><strong>ds</strong></span> <span class='ocrx_word' id='word_1_15' title='bbox 978 1022 1112 1091; x_wconf 72' lang='lat' dir='ltr'><strong>navibus</strong></span> <span class='ocrx_word' id='word_1_16' title='bbox 1132 1022 1175 1087; x_wconf 83' lang='lat' dir='ltr'><strong>ab</strong></span> <span class='ocrx_word' id='word_1_17' title='bbox 1193 1023 1282 1100; x_wconf 81' lang='lat' dir='ltr'><strong>ltoate</strong></span> 
     </span>
     <span class='ocr_line' id='line_1_4' title="bbox 454 1149 1238 1250; baseline -0.023 -21"><span class='ocrx_word' id='word_1_18' title='bbox 454 1167 647 1250; x_wconf 79' lang='lat' dir='ltr'><strong>recuperatis</strong></span> <span class='ocrx_word' id='word_1_19' title='bbox 663 1157 716 1221; x_wconf 73' lang='lat' dir='ltr'><strong>dte</strong></span> <span class='ocrx_word' id='word_1_20' title='bbox 732 1178 746 1220; x_wconf 89' lang='lat' dir='ltr'><strong>r</strong></span> <span class='ocrx_word' id='word_1_21' title='bbox 762 1155 847 1241; x_wconf 81' lang='lat' dir='ltr'><strong>Maja&#39;</strong></span> <span class='ocrx_word' id='word_1_22' title='bbox 869 1158 949 1216; x_wconf 81' lang='lat' dir='ltr'><strong>anni</strong></span> <span class='ocrx_word' id='word_1_23' title='bbox 975 1149 1055 1238; x_wconf 85' lang='lat'>1781</span> <span class='ocrx_word' id='word_1_24' title='bbox 1089 1149 1238 1214; x_wconf 78' lang='lat' dir='ltr'><strong>Versulia</strong></span> 
     </span>
     <span class='ocr_line' id='line_1_5' title="bbox 630 1273 1036 1371; baseline -0.025 -22"><span class='ocrx_word' id='word_1_25' title='bbox 630 1283 682 1371; x_wconf 84' lang='lat' dir='ltr'><strong>(V</strong></span> <span class='ocrx_word' id='word_1_26' title='bbox 675 1277 831 1366; x_wconf 64' lang='lat' dir='ltr'><strong>arsatius)</strong></span> <span class='ocrx_word' id='word_1_27' title='bbox 848 1273 1036 1362; x_wconf 78' lang='lat' dir='ltr'><strong>initum(1).</strong></span> 
     </span>
    </p>
   </div>
   <div class='ocr_carea' id='block_1_3' title="bbox 346 1523 1338 3378">
    <p class='ocr_par' dir='ltr' id='par_1_3' title="bbox 346 1523 1330 1980">
     <span class='ocr_line' id='line_1_6' title="bbox 391 1523 1330 1620; baseline -0.021 -14"><span class='ocrx_word' id='word_1_28' title='bbox 391 1542 525 1608; x_wconf 83' lang='lat' dir='ltr'><strong>Paetum</strong></span> <span class='ocrx_word' id='word_1_29' title='bbox 555 1536 652 1620; x_wconf 88' lang='lat' dir='ltr'><strong>illud,</strong></span> <span class='ocrx_word' id='word_1_30' title='bbox 678 1534 719 1600; x_wconf 94' lang='lat' dir='ltr'><strong>de</strong></span> <span class='ocrx_word' id='word_1_31' title='bbox 746 1530 847 1596; x_wconf 89' lang='lat' dir='ltr'><strong>modo</strong></span> <span class='ocrx_word' id='word_1_32' title='bbox 877 1529 942 1618; x_wconf 80' lang='lat' dir='ltr'><strong>agit</strong></span> <span class='ocrx_word' id='word_1_33' title='bbox 964 1547 1029 1614; x_wconf 87' lang='lat' dir='ltr'><strong>quo</strong></span> <span class='ocrx_word' id='word_1_34' title='bbox 1055 1546 1150 1592; x_wconf 84' lang='lat' dir='ltr'><strong>naves</strong></span> <span class='ocrx_word' id='word_1_35' title='bbox 1174 1523 1215 1588; x_wconf 90' lang='lat' dir='ltr'><strong>ab</strong></span> <span class='ocrx_word' id='word_1_36' title='bbox 1237 1523 1330 1588; x_wconf 83' lang='lat' dir='ltr'><strong>hoste</strong></span> 
     </span>
     <span class='ocr_line' id='line_1_7' title="bbox 346 1648 1329 1757; baseline -0.019 -24"><span class='ocrx_word' id='word_1_37' title='bbox 346 1683 474 1757; x_wconf 85' lang='lat' dir='ltr'><strong>captae,</strong></span> <span class='ocrx_word' id='word_1_38' title='bbox 498 1687 517 1728; x_wconf 88' lang='lat' dir='ltr'><strong>a</strong></span> <span class='ocrx_word' id='word_1_39' title='bbox 537 1663 632 1728; x_wconf 84' lang='lat' dir='ltr'><strong>sociis</strong></span> <span class='ocrx_word' id='word_1_40' title='bbox 654 1671 863 1748; x_wconf 78' lang='lat' dir='ltr'><strong>recuperatae</strong></span> <span class='ocrx_word' id='word_1_41' title='bbox 884 1652 1109 1736; x_wconf 76' lang='lat' dir='ltr'><strong>redderentur,</strong></span> <span class='ocrx_word' id='word_1_42' title='bbox 1140 1673 1202 1738; x_wconf 88' lang='lat' dir='ltr'><strong>qua</strong></span> <span class='ocrx_word' id='word_1_43' title='bbox 1226 1648 1268 1716; x_wconf 94' lang='lat' dir='ltr'><strong>de</strong></span> <span class='ocrx_word' id='word_1_44' title='bbox 1293 1672 1329 1714; x_wconf 87' lang='lat' dir='ltr'><strong>re</strong></span> 
     </span>
     <span class='ocr_line' id='line_1_8' title="bbox 348 1778 1330 1871; baseline -0.016 -16"><span class='ocrx_word' id='word_1_45' title='bbox 348 1791 511 1856; x_wconf 87' lang='lat' dir='ltr'><strong>distinctio</strong></span> <span class='ocrx_word' id='word_1_46' title='bbox 532 1787 568 1852; x_wconf 86' lang='lat' dir='ltr'><strong>fit</strong></span> <span class='ocrx_word' id='word_1_47' title='bbox 591 1789 676 1852; x_wconf 89' lang='lat' dir='ltr'><strong>inter</strong></span> <span class='ocrx_word' id='word_1_48' title='bbox 691 1806 786 1850; x_wconf 84' lang='lat' dir='ltr'><strong>naves</strong></span> <span class='ocrx_word' id='word_1_49' title='bbox 803 1778 1009 1871; x_wconf 79' lang='lat' dir='ltr'><strong>praedatores</strong></span> <span class='ocrx_word' id='word_1_50' title='bbox 1032 1793 1065 1842; x_wconf 90' lang='lat' dir='ltr'><strong>et</strong></span> <span class='ocrx_word' id='word_1_51' title='bbox 1078 1799 1175 1842; x_wconf 86' lang='lat' dir='ltr'><strong>naves</strong></span> <span class='ocrx_word' id='word_1_52' title='bbox 1191 1789 1330 1842; x_wconf 87' lang='lat' dir='ltr'><strong>armatas</strong></span> 
     </span>
     <span class='ocr_line' id='line_1_9' title="bbox 349 1915 500 1980; baseline 0 0"><span class='ocrx_word' id='word_1_53' title='bbox 349 1915 500 1980; x_wconf 75' lang='lat' dir='ltr'><strong>civitatis.</strong></span> 
     </span>
    </p>

    <p class='ocr_par' dir='ltr' id='par_1_4' title="bbox 346 2027 1335 2752">
     <span class='ocr_line' id='line_1_10' title="bbox 393 2027 1328 2122; baseline -0.013 -19"><span class='ocrx_word' id='word_1_54' title='bbox 393 2035 491 2120; x_wconf 92' lang='lat' dir='ltr'><strong>Quod</strong></span> <span class='ocrx_word' id='word_1_55' title='bbox 503 2034 545 2102; x_wconf 90' lang='lat' dir='ltr'><strong>ad</strong></span> <span class='ocrx_word' id='word_1_56' title='bbox 562 2057 688 2117; x_wconf 87' lang='lat' dir='ltr'><strong>casum,</strong></span> <span class='ocrx_word' id='word_1_57' title='bbox 708 2055 773 2122; x_wconf 90' lang='lat' dir='ltr'><strong>quo</strong></span> <span class='ocrx_word' id='word_1_58' title='bbox 788 2054 882 2098; x_wconf 86' lang='lat' dir='ltr'><strong>naves</strong></span> <span class='ocrx_word' id='word_1_59' title='bbox 900 2053 920 2095; x_wconf 87' lang='lat' dir='ltr'><strong>a</strong></span> <span class='ocrx_word' id='word_1_60' title='bbox 940 2027 1182 2120; x_wconf 82' lang='lat' dir='ltr'><strong>praedatoribus</strong></span> <span class='ocrx_word' id='word_1_61' title='bbox 1197 2049 1328 2115; x_wconf 84' lang='lat' dir='ltr'><strong>reeupe-</strong></span> 
     </span>
     <span class='ocr_line' id='line_1_11' title="bbox 351 2152 1331 2246; baseline -0.012 -18"><span class='ocrx_word' id='word_1_62' title='bbox 351 2179 510 2246; x_wconf 84' lang='lat' dir='ltr'><strong>ranentur,</strong></span> <span class='ocrx_word' id='word_1_63' title='bbox 529 2159 748 2228; x_wconf 83' lang='lat' dir='ltr'><strong>constituitur:</strong></span> <span class='ocrx_word' id='word_1_64' title='bbox 767 2175 802 2224; x_wconf 88' lang='lat' dir='ltr'><strong>ut</strong></span> <span class='ocrx_word' id='word_1_65' title='bbox 822 2158 914 2222; x_wconf 85' lang='lat' dir='ltr'><strong>socio</strong></span> <span class='ocrx_word' id='word_1_66' title='bbox 933 2157 1060 2222; x_wconf 87' lang='lat' dir='ltr'><strong>tertiam</strong></span> <span class='ocrx_word' id='word_1_67' title='bbox 1078 2170 1203 2244; x_wconf 89' lang='lat' dir='ltr'><strong>partem</strong></span> <span class='ocrx_word' id='word_1_68' title='bbox 1216 2152 1331 2218; x_wconf 85' lang='lat' dir='ltr'><strong>valoris</strong></span> 
     </span>
     <span class='ocr_line' id='line_1_12' title="bbox 346 2277 1330 2375; baseline -0.013 -20"><span class='ocrx_word' id='word_1_69' title='bbox 346 2290 454 2372; x_wconf 85' lang='lat' dir='ltr'><strong>navis,</strong></span> <span class='ocrx_word' id='word_1_70' title='bbox 478 2288 584 2355; x_wconf 85' lang='lat' dir='ltr'><strong>oneris</strong></span> <span class='ocrx_word' id='word_1_71' title='bbox 602 2303 634 2352; x_wconf 89' lang='lat' dir='ltr'><strong>et</strong></span> <span class='ocrx_word' id='word_1_72' title='bbox 649 2299 818 2375; x_wconf 79' lang='lat' dir='ltr'><strong>apparatus</strong></span> <span class='ocrx_word' id='word_1_73' title='bbox 840 2283 995 2365; x_wconf 84' lang='lat' dir='ltr'><strong>solventi,</strong></span> <span class='ocrx_word' id='word_1_74' title='bbox 1021 2280 1131 2346; x_wconf 86' lang='lat' dir='ltr'><strong>omnia</strong></span> <span class='ocrx_word' id='word_1_75' title='bbox 1160 2277 1330 2346; x_wconf 87' lang='lat' dir='ltr'><strong>redderen-</strong></span> 
     </span>
     <span class='ocr_line' id='line_1_13' title="bbox 351 2404 1332 2497; baseline -0.012 -19"><span class='ocrx_word' id='word_1_76' title='bbox 351 2429 421 2497; x_wconf 85' lang='lat' dir='ltr'><strong>tur,</strong></span> <span class='ocrx_word' id='word_1_77' title='bbox 449 2410 549 2477; x_wconf 88' lang='lat' dir='ltr'><strong>modo</strong></span> <span class='ocrx_word' id='word_1_78' title='bbox 573 2433 640 2476; x_wconf 91' lang='lat' dir='ltr'><strong>non</strong></span> <span class='ocrx_word' id='word_1_79' title='bbox 659 2407 776 2473; x_wconf 89' lang='lat' dir='ltr'><strong>diutius</strong></span> <span class='ocrx_word' id='word_1_80' title='bbox 797 2407 907 2497; x_wconf 83' lang='lat' dir='ltr'><strong>viginti</strong></span> <span class='ocrx_word' id='word_1_81' title='bbox 930 2423 1068 2495; x_wconf 89' lang='lat' dir='ltr'><strong>quatuor</strong></span> <span class='ocrx_word' id='word_1_82' title='bbox 1093 2406 1181 2471; x_wconf 90' lang='lat' dir='ltr'><strong>horis</strong></span> <span class='ocrx_word' id='word_1_83' title='bbox 1202 2404 1237 2470; x_wconf 92' lang='lat' dir='ltr'><strong>in</strong></span> <span class='ocrx_word' id='word_1_84' title='bbox 1258 2404 1332 2468; x_wconf 87' lang='lat' dir='ltr'><strong>hos·</strong></span> 
     </span>
     <span class='ocr_line' id='line_1_14' title="bbox 352 2530 1335 2627; baseline -0.009 -25"><span class='ocrx_word' id='word_1_85' title='bbox 352 2539 432 2604; x_wconf 86' lang='lat' dir='ltr'><strong>tium</strong></span> <span class='ocrx_word' id='word_1_86' title='bbox 464 2545 624 2627; x_wconf 81' lang='lat' dir='ltr'><strong>potestate</strong></span> <span class='ocrx_word' id='word_1_87' title='bbox 656 2533 811 2616; x_wconf 81' lang='lat' dir='ltr'><strong>fuissent3</strong></span> <span class='ocrx_word' id='word_1_88' title='bbox 845 2549 919 2623; x_wconf 88' lang='lat' dir='ltr'><strong>post</strong></span> <span class='ocrx_word' id='word_1_89' title='bbox 955 2531 1036 2598; x_wconf 88' lang='lat' dir='ltr'><strong>illud</strong></span> <span class='ocrx_word' id='word_1_90' title='bbox 1067 2549 1193 2621; x_wconf 88' lang='lat' dir='ltr'><strong>tempus</strong></span> <span class='ocrx_word' id='word_1_91' title='bbox 1226 2530 1335 2596; x_wconf 88' lang='lat' dir='ltr'><strong>omnia</strong></span> 
     </span>
     <span class='ocr_line' id='line_1_15' title="bbox 352 2657 1294 2752; baseline -0.007 -24"><span class='ocrx_word' id='word_1_92' title='bbox 352 2661 536 2752; x_wconf 87' lang='lat' dir='ltr'><strong>praedatori</strong></span> <span class='ocrx_word' id='word_1_93' title='bbox 560 2660 756 2748; x_wconf 83' lang='lat' dir='ltr'><strong>(l’arntateur</strong></span> <span class='ocrx_word' id='word_1_94' title='bbox 777 2657 964 2747; x_wconf 86' lang='lat' dir='ltr'><strong>repreneur)</strong></span> <span class='ocrx_word' id='word_1_95' title='bbox 986 2659 1194 2747; x_wconf 84' lang='lat' dir='ltr'><strong>pertinerent.</strong></span> <span class='ocrx_word' id='word_1_96' title='bbox 1292 2739 1294 2744; x_wconf 23' lang='grc' dir='ltr'>Ι</span> 
     </span>
    </p>

    <p class='ocr_par' dir='ltr' id='par_1_5' title="bbox 356 2783 1338 3378">
     <span class='ocr_line' id='line_1_16' title="bbox 399 2783 1334 2870; baseline -0.006 -17"><span class='ocrx_word' id='word_1_97' title='bbox 399 2785 498 2869; x_wconf 90' lang='lat' dir='ltr'><strong>Quod</strong></span> <span class='ocrx_word' id='word_1_98' title='bbox 511 2784 552 2851; x_wconf 91' lang='lat' dir='ltr'><strong>ad</strong></span> <span class='ocrx_word' id='word_1_99' title='bbox 571 2785 706 2851; x_wconf 89' lang='lat' dir='ltr'><strong>alterum</strong></span> <span class='ocrx_word' id='word_1_100' title='bbox 722 2806 830 2848; x_wconf 84' lang='lat' dir='ltr'><strong>casum</strong></span> <span class='ocrx_word' id='word_1_101' title='bbox 853 2800 998 2850; x_wconf 83' lang='lat' dir='ltr'><strong>cavetur:</strong></span> <span class='ocrx_word' id='word_1_102' title='bbox 1013 2795 1047 2850; x_wconf 89' lang='lat' dir='ltr'><strong>ut</strong></span> <span class='ocrx_word' id='word_1_103' title='bbox 1064 2806 1178 2865; x_wconf 89' lang='lat' dir='ltr'><strong>naves,</strong></span> <span class='ocrx_word' id='word_1_104' title='bbox 1197 2803 1279 2870; x_wconf 87' lang='lat' dir='ltr'><strong>quae</strong></span> <span class='ocrx_word' id='word_1_105' title='bbox 1295 2783 1334 2846; x_wconf 88' lang='lat' dir='ltr'><strong>ab</strong></span> 
     </span>
     <span class='ocr_line' id='line_1_17' title="bbox 359 2909 1337 2998; baseline -0.008 -18"><span class='ocrx_word' id='word_1_106' title='bbox 359 2929 479 2980; x_wconf 86' lang='lat' dir='ltr'><strong>armata</strong></span> <span class='ocrx_word' id='word_1_107' title='bbox 492 2912 628 2977; x_wconf 86' lang='lat' dir='ltr'><strong>civitatis</strong></span> <span class='ocrx_word' id='word_1_108' title='bbox 640 2911 713 2977; x_wconf 87' lang='lat' dir='ltr'><strong>nari</strong></span> <span class='ocrx_word' id='word_1_109' title='bbox 725 2910 765 2975; x_wconf 89' lang='lat' dir='ltr'><strong>ab</strong></span> <span class='ocrx_word' id='word_1_110' title='bbox 773 2910 865 2974; x_wconf 88' lang='lat' dir='ltr'><strong>hoste</strong></span> <span class='ocrx_word' id='word_1_111' title='bbox 876 2909 959 2974; x_wconf 89' lang='lat' dir='ltr'><strong>intra</strong></span> <span class='ocrx_word' id='word_1_112' title='bbox 967 2909 1079 2998; x_wconf 85' lang='lat' dir='ltr'><strong>viginti</strong></span> <span class='ocrx_word' id='word_1_113' title='bbox 1093 2924 1230 2996; x_wconf 90' lang='lat' dir='ltr'><strong>quatuor</strong></span> <span class='ocrx_word' id='word_1_114' title='bbox 1242 2909 1337 2973; x_wconf 86' lang='lat' dir='ltr'><strong>horas</strong></span> 
     </span>
     <span class='ocr_line' id='line_1_18' title="bbox 356 3033 1338 3128; baseline -0.005 -24"><span class='ocrx_word' id='word_1_115' title='bbox 356 3051 632 3128; x_wconf 86' lang='lat' dir='ltr'><strong>recuperarentur,</strong></span> <span class='ocrx_word' id='word_1_116' title='bbox 642 3033 777 3099; x_wconf 87' lang='lat' dir='ltr'><strong>domino</strong></span> <span class='ocrx_word' id='word_1_117' title='bbox 792 3035 993 3100; x_wconf 85' lang='lat' dir='ltr'><strong>trecesimam</strong></span> <span class='ocrx_word' id='word_1_118' title='bbox 1006 3051 1127 3100; x_wconf 87' lang='lat' dir='ltr'><strong>tautum</strong></span> <span class='ocrx_word' id='word_1_119' title='bbox 1140 3035 1258 3100; x_wconf 87' lang='lat' dir='ltr'><strong>valoris</strong></span> <span class='ocrx_word' id='word_1_120' title='bbox 1269 3057 1338 3124; x_wconf 88' lang='lat' dir='ltr'><strong>par·</strong></span> 
     </span>
     <span class='ocr_line' id='line_1_19' title="bbox 357 3135 1337 3251; baseline -0.002 -21"><span class='ocrx_word' id='word_1_121' title='bbox 357 3181 438 3248; x_wconf 87' lang='lat' dir='ltr'><strong>tem,</strong></span> <span class='ocrx_word' id='word_1_122' title='bbox 453 3163 627 3245; x_wconf 86' lang='lat' dir='ltr'><strong>mercium,</strong></span> <span class='ocrx_word' id='word_1_123' title='bbox 646 3162 756 3244; x_wconf 86' lang='lat' dir='ltr'><strong>navis,</strong></span> <span class='ocrx_word' id='word_1_124' title='bbox 773 3172 942 3251; x_wconf 85' lang='lat' dir='ltr'><strong>apparatus</strong></span> <span class='ocrx_word' id='word_1_125' title='bbox 962 3162 1098 3228; x_wconf 88' lang='lat' dir='ltr'><strong>solventi</strong></span> <span class='ocrx_word' id='word_1_126' title='bbox 1115 3135 1337 3244; x_wconf 65' lang='lat' dir='ltr'><strong>traderentur,</strong></span> 
     </span>
     <span class='ocr_line' id='line_1_20' title="bbox 358 3287 1338 3378; baseline 0 -23"><span class='ocrx_word' id='word_1_127' title='bbox 358 3313 423 3378; x_wconf 87' lang='lat' dir='ltr'><strong>quo</strong></span> <span class='ocrx_word' id='word_1_128' title='bbox 442 3305 589 3378; x_wconf 88' lang='lat' dir='ltr'><strong>ternpore</strong></span> <span class='ocrx_word' id='word_1_129' title='bbox 611 3287 842 3377; x_wconf 87' lang='lat' dir='ltr'><strong>praeterlapso,</strong></span> <span class='ocrx_word' id='word_1_130' title='bbox 858 3287 1017 3354; x_wconf 81' lang='lat' dir='ltr'><strong>decimant</strong></span> <span class='ocrx_word' id='word_1_131' title='bbox 1032 3303 1157 3378; x_wconf 88' lang='lat' dir='ltr'><strong>partem</strong></span> <span class='ocrx_word' id='word_1_132' title='bbox 1172 3291 1271 3354; x_wconf 91' lang='lat' dir='ltr'><strong>totius</strong></span> <span class='ocrx_word' id='word_1_133' title='bbox 1285 3311 1338 3356; x_wconf 89' lang='lat' dir='ltr'><strong>va·</strong></span> 
     </span>
    </p>
   </div>
   <div class='ocr_carea' id='block_1_4' title="bbox 360 3411 1340 3503">
    <p class='ocr_par' dir='ltr' id='par_1_6' title="bbox 360 3411 1340 3503">
     <span class='ocr_line' id='line_1_21' title="bbox 360 3411 1340 3503; baseline 0.005 -25"><span class='ocrx_word' id='word_1_134' title='bbox 360 3415 438 3480; x_wconf 87' lang='lat' dir='ltr'><strong>loris</strong></span> <span class='ocrx_word' id='word_1_135' title='bbox 451 3413 574 3479; x_wconf 87' lang='lat' dir='ltr'><strong>domini</strong></span> <span class='ocrx_word' id='word_1_136' title='bbox 589 3411 731 3496; x_wconf 86' lang='lat' dir='ltr'><strong>luerent,</strong></span> <span class='ocrx_word' id='word_1_137' title='bbox 750 3437 830 3502; x_wconf 90' lang='lat' dir='ltr'><strong>quae</strong></span> <span class='ocrx_word' id='word_1_138' title='bbox 855 3418 1012 3503; x_wconf 81' lang='lat' dir='ltr'><strong>pecuniae</strong></span> <span class='ocrx_word' id='word_1_139' title='bbox 1028 3417 1112 3481; x_wconf 89' lang='lat' dir='ltr'><strong>inter</strong></span> <span class='ocrx_word' id='word_1_140' title='bbox 1128 3433 1237 3484; x_wconf 88' lang='lat' dir='ltr'><strong>nautas</strong></span> <span class='ocrx_word' id='word_1_141' title='bbox 1253 3419 1340 3484; x_wconf 86' lang='lat' dir='ltr'><strong>navis</strong></span> 
     </span>
    </p>
   </div>
   <div class='ocr_carea' id='block_1_5' title="bbox 360 3535 1339 3628">
    <p class='ocr_par' dir='ltr' id='par_1_7' title="bbox 360 3535 1339 3628">
     <span class='ocr_line' id='line_1_22' title="bbox 360 3535 1339 3628; baseline 0.003 -24"><span class='ocrx_word' id='word_1_142' title='bbox 360 3538 496 3604; x_wconf 85' lang='lat' dir='ltr'><strong>civitatis</strong></span> <span class='ocrx_word' id='word_1_143' title='bbox 519 3535 755 3621; x_wconf 89' lang='lat' dir='ltr'><strong>dividerentur,</strong></span> <span class='ocrx_word' id='word_1_144' title='bbox 780 3561 853 3603; x_wconf 86' lang='lat' dir='ltr'><strong>curn</strong></span> <span class='ocrx_word' id='word_1_145' title='bbox 868 3562 979 3605; x_wconf 90' lang='lat' dir='ltr'><strong>ornnes</strong></span> <span class='ocrx_word' id='word_1_146' title='bbox 995 3540 1066 3608; x_wconf 88' lang='lat' dir='ltr'><strong>lites</strong></span> <span class='ocrx_word' id='word_1_147' title='bbox 1079 3558 1208 3608; x_wconf 84' lang='lat' dir='ltr'><strong>exortae</strong></span> <span class='ocrx_word' id='word_1_148' title='bbox 1224 3541 1339 3628; x_wconf 88' lang='lat' dir='ltr'><strong>ajudi-</strong></span> 
     </span>
    </p>
   </div>
   <div class='ocr_carea' id='block_1_6' title="bbox 397 3897 1394 3976">
    <p class='ocr_par' dir='ltr' id='par_1_8' title="bbox 397 3897 1394 3976">
     <span class='ocr_line' id='line_1_23' title="bbox 397 3897 1394 3976; baseline 0 -28"><span class='ocrx_word' id='word_1_149' title='bbox 397 3899 433 3967; x_wconf 80' lang='lat'><strong>(1)</strong></span> <span class='ocrx_word' id='word_1_150' title='bbox 450 3899 588 3949; x_wconf 80' lang='lat' dir='ltr'><strong>Contention</strong></span> <span class='ocrx_word' id='word_1_151' title='bbox 607 3906 671 3946; x_wconf 77' lang='lat' dir='ltr'><strong>entre</strong></span> <span class='ocrx_word' id='word_1_152' title='bbox 690 3897 712 3944; x_wconf 80' lang='lat' dir='ltr'><strong>lo</strong></span> <span class='ocrx_word' id='word_1_153' title='bbox 730 3898 764 3945; x_wconf 88' lang='lat' dir='ltr'><strong>roi</strong></span> <span class='ocrx_word' id='word_1_154' title='bbox 782 3908 828 3947; x_wconf 85' lang='lat' dir='ltr'><strong>tres</strong></span> <span class='ocrx_word' id='word_1_155' title='bbox 845 3899 951 3949; x_wconf 81' lang='lat' dir='ltr'><strong>Chretien</strong></span> <span class='ocrx_word' id='word_1_156' title='bbox 978 3910 1000 3949; x_wconf 82' lang='lat' dir='ltr'><strong>et</strong></span> <span class='ocrx_word' id='word_1_157' title='bbox 1025 3900 1058 3948; x_wconf 81' lang='lat' dir='ltr'><strong>les</strong></span> <span class='ocrx_word' id='word_1_158' title='bbox 1085 3900 1205 3950; x_wconf 82' lang='lat' dir='ltr'><strong>Provinees</strong></span> <span class='ocrx_word' id='word_1_159' title='bbox 1222 3901 1289 3949; x_wconf 82' lang='lat' dir='ltr'><strong>unies</strong></span> <span class='ocrx_word' id='word_1_160' title='bbox 1306 3897 1347 3948; x_wconf 82' lang='lat' dir='ltr'><strong>des</strong></span> <span class='ocrx_word' id='word_1_161' title='bbox 1385 3961 1394 3976; x_wconf 40' lang='grc' dir='ltr'>ι</span> 
     </span>
    </p>
   </div>
   <div class='ocr_carea' id='block_1_7' title="bbox 453 3982 1347 4116">
    <p class='ocr_par' dir='ltr' id='par_1_9' title="bbox 453 3982 1347 4116">
     <span class='ocr_line' id='line_1_24' title="bbox 454 3982 1347 4051; baseline 0 -20"><span class='ocrx_word' id='word_1_162' title='bbox 454 3982 562 4051; x_wconf 72' lang='lat' dir='ltr'><strong>Psya-bas</strong></span> <span class='ocrx_word' id='word_1_163' title='bbox 585 3993 722 4032; x_wconf 78' lang='lat' dir='ltr'><strong>conternent</strong></span> <span class='ocrx_word' id='word_1_164' title='bbox 742 3982 775 4030; x_wconf 86' lang='lat' dir='ltr'><strong>les</strong></span> <span class='ocrx_word' id='word_1_165' title='bbox 793 3985 905 4049; x_wconf 81' lang='lat' dir='ltr'><strong>reprises,</strong></span> <span class='ocrx_word' id='word_1_166' title='bbox 930 3983 978 4034; x_wconf 83' lang='lat' dir='ltr'><strong>vid.</strong></span> <span class='ocrx_word' id='word_1_167' title='bbox 998 3997 1101 4034; x_wconf 74' lang='lat' dir='ltr'><strong>ltarttts</strong></span> <span class='ocrx_word' id='word_1_168' title='bbox 1118 4003 1139 4036; x_wconf 84' lang='lat' dir='ltr'><strong>o.</strong></span> <span class='ocrx_word' id='word_1_169' title='bbox 1161 3985 1178 4034; x_wconf 87' lang='grc'><strong>1.</strong></span> <span class='ocrx_word' id='word_1_170' title='bbox 1197 3986 1223 4033; x_wconf 75' lang='lat'><strong>8.</strong></span> <span class='ocrx_word' id='word_1_171' title='bbox 1243 3985 1304 4033; x_wconf 76' lang='grc'><strong>340.</strong></span> <span class='ocrx_word' id='word_1_172' title='bbox 1323 3993 1347 4031; x_wconf 83' lang='lat' dir='ltr'><strong>et</strong></span> 
     </span>
     <span class='ocr_line' id='line_1_25' title="bbox 453 4065 812 4116; baseline -0.003 -1"><span class='ocrx_word' id='word_1_173' title='bbox 453 4080 580 4116; x_wconf 69' lang='lat' dir='ltr'><strong>aemam</strong></span> <span class='ocrx_word' id='word_1_174' title='bbox 598 4065 694 4114; x_wconf 77' lang='lat' dir='ltr'><strong>lterueil</strong></span> <span class='ocrx_word' id='word_1_175' title='bbox 713 4069 734 4114; x_wconf 93' lang='lat' dir='ltr'><strong>l.</strong></span> <span class='ocrx_word' id='word_1_176' title='bbox 753 4067 812 4114; x_wconf 79' lang='lat'><strong>³7⁰.</strong></span> 
     </span>
    </p>
   </div>
   <div class='ocr_carea' id='block_1_8' title="bbox 0 0 1588 5110">
    <p class='ocr_par' dir='ltr' id='par_1_10' title="bbox 0 0 1588 5110">
     <span class='ocr_line' id='line_1_26' title="bbox 0 0 1588 5110; baseline 0 0"><span class='ocrx_word' id='word_1_177' title='bbox 0 0 1588 5110; x_wconf 95' lang='lat' dir='ltr'><strong> </strong></span> 
     </span>
    </p>
   </div>
  </div>
 </body>
</html>
