3106 5110
864 412 907 477 46

391 655 553 747 congruit,
577 647 729 714 nimirum
749 640 821 707 Art.
849 661 901 727 ¹·7
923 658 996 701 eum
1012 635 1084 699 Art.
1108 655 1161 720 ¹·7
1177 632 1250 700 Art.
1273 631 1372 698 13-38

392 806 466 851 cum
486 781 558 844 Art.
578 772 657 840 883
673 771 746 834 Art.
763 768 865 846 4⁰·ti2
883 779 916 827 et
931 765 975 840 44
990 783 1064 825 oum
1079 759 1151 824 Art.
1169 756 1270 824 35-38
1283 759 1371 847 pacti

393 907 469 973 anni
485 900 579 990 1678,
593 896 631 962 ad
645 894 743 959 verba
754 886 923 978 quadrant.
953 882 1117 949 Nonnulla
1129 897 1239 948 tamen
1253 882 1294 947 de
1307 883 1374 970 qui·

391 1034 452 1099 bus
471 1031 581 1119 priora
601 1021 733 1088 foedera
748 1016 904 1096 silebant,
931 1013 965 1077 in
981 1009 1189 1075 commodum
1205 1008 1373 1099 Belgarum

386 1141 507 1224 'huicce
520 1162 617 1244 pacto
631 1147 780 1234 adjuncta
794 1131 886 1208 sunt.
926 1135 1025 1219 Quod
1039 1135 1080 1201 ad
1096 1136 1168 1220 illa,
1181 1137 1226 1200 ita
1241 1150 1374 1223 pactum

391 1283 519 1350 statuit:

439 1407 555 1495 Belgae
584 1424 626 1466 ne
653 1400 808 1483 majorem
838 1390 962 1457 solvant
990 1387 1161 1477 pecuniam
1191 1384 1374 1469 anconam,

397 1534 555 1619 aliamque
573 1524 672 1615 (droit
695 1521 736 1584 de
759 1514 937 1596 contablie‚
962 1512 1149 1600 d’encrage,
1174 1509 1216 1574 de
1230 1508 1278 1573 sol
1291 1510 1376 1598 pari-

399 1658 468 1747 sis),
484 1677 579 1743 quam
592 1649 653 1740 ipsi
668 1644 767 1727 Galli,
782 1663 849 1706 non
864 1659 942 1703 vero
959 1636 1044 1700 cives
1057 1634 1222 1716 locorum,
1238 1633 1293 1696 ubi
1309 1632 1375 1720 agi·

396 1781 518 1870 tur(1).
545 1776 659 1840 Libera
673 1771 714 1835 sit
728 1767 897 1857 Belgarum
908 1760 1069 1851 navigatio
1082 1775 1115 1824 et
1126 1767 1304 1824 mercatura
1316 1778 1376 1846 per

397 1929 487 1976 mare
500 1901 771 1968 Mediterraneum
785 1890 988 1979 (Commerce
999 1883 1041 1950 du
1052 1883 1171 1968 levant)
1184 1905 1289 1948 versus
1301 1903 1376 1971 por·

399 2049 449 2099 tus
479 2027 627 2108 Galliae,
656 2043 734 2102 nec,
757 2017 804 2081 uti
819 2031 914 2080 antea
927 2012 1091 2093 solebant,
1117 2032 1159 2074 20
1176 2031 1236 2097 pro
1257 2029 1317 2073 100
1333 2005 1375 2071 de

398 2157 560 2224 mercibus
580 2151 723 2229 solvant,
748 2144 806 2209 nisi
827 2165 901 2207 casu
920 2161 986 2227 quo
1005 2138 1064 2226 ipsi
1083 2135 1168 2200 Galli
1185 2132 1304 2198 adhoc
1320 2153 1377 2197 co·

401 2297 519 2373 guntur
533 2275 595 2366 (a).
643 2270 785 2334 queraot
805 2287 843 2329 ac
859 2260 999 2328 vendant
1014 2259 1129 2348 Belgae
1143 2257 1178 2322 in
1193 2255 1330 2320 Galliam
1346 2268 1380 2320 et

402 2406 550 2494 regiones
577 2395 717 2463 subditas
737 2391 880 2468 haleees,
905 2409 942 2450 ac
960 2385 1153 2472 abrogentur
1168 2379 1283 2446 Edicta
1298 2401 1380 2467 quae

401 2535 468 2599 hoe
483 2542 611 2608 vetent,
631 2519 820 2588 nominatim
835 2512 915 2580 illud
931 2511 995 2577 diei
1016 2514 1054 2590 14
1069 2510 1159 2598 Sept.
1186 2507 1262 2571 anni
1282 2504 1383 2593 1687,

385 2663 390 2686 “
406 2654 494 2748 quod
510 2652 582 2717 illos
597 2647 756 2714 advehere
771 2628 804 2708 e't
817 2637 955 2705 vendere
969 2635 1138 2727 prohibet,
1158 2633 1219 2696 nisi
1234 2630 1298 2694 sale
1311 2628 1384 2693 Gal·

403 2783 469 2847 lieo
493 2774 642 2844 conditos
665 2787 698 2837 et
717 2771 752 2834 in
772 2768 841 2832 aliis
861 2764 956 2830 doliis
975 2776 1162 2850 compactos
1180 2756 1239 2846 (3).
1286 2752 1384 2821 Nulla

419 3023 772 3056 pff..-

452 3202 466 3248 1
496 3197 546 3245 Art.
559 3196 586 3244 8.

441 3198 478 3350 i²l
494 3282 543 3329 Art.
568 3279 593 3327 t.
629 3275 657 3323 Et
680 3289 725 3340 que
744 3269 801 3322 dana
818 3269 870 3320 l’un
888 3270 914 3318 ni
931 3267 1015 3318 l’autre
1035 3283 1073 3318 cta
1089 3264 1170 3318 lealitr
1188 3266 1261 3331 sujets
1277 3263 1317 3314 dea
1333 3252 1396 3313 litata

498 3365 620 3414 Generaux
642 3375 671 3407 ne
694 3365 770 3406 terent
794 3353 901 3416 essnjetis
918 3351 995 3400 audita
1010 3350 1077 3418 vingt
1091 3367 1151 3415 ponr
1165 3361 1235 3412 rent,
1259 3350 1324 3397 sinon
1340 3347 1397 3396 dans

498 3447 588 3496 leneas
610 3445 638 3491 οὺ
662 3441 697 3488 ler
718 3437 857 3504 Franqaisy
880 3446 931 3484 aaut
950 3435 1039 3498 rujets,
1063 3444 1156 3502 portant
1174 3433 1214 3483 des
1230 3431 1398 3484 marehandiaea

498 3529 557 3583 dana
576 3528 638 3576 leurs
656 3523 886 3591 proposuissem
904 3519 1050 3570 introite
1069 3535 1101 3568 ou
1122 3529 1200 3571 autres
1217 3519 1294 3586 placer
1313 3518 1399 3585 permi-

501 3631 537 3663 aes
552 3623 597 3661 cet.

445 3700 481 3770 (θ)
498 3700 547 3748 Art.
564 3697 606 3744 10.
642 3693 661 3740 ll
678 3709 726 3740 seta
743 3691 829 3757 permis
844 3705 874 3738 an
888 3689 961 3751 rujeta
975 3686 1061 3737 desditr
1077 3675 1139 3736 itata
1156 3685 1276 3734 tenemur
1292 3684 1399 3750 d’appor-

503 3791 552 3844 ter,
568 3779 628 3827 faire
645 3786 721 3826 etttrer
740 3785 764 3822 et
782 3772 871 3822 debitat
887 3790 917 3820 en
934 3773 1018 3822 Franee
1037 3782 1062 3820 et
1081 3769 1138 3820 dana
1156 3770 1190 3820 les
1212 3785 1270 3836 pays
1287 3768 1399 3833 conquir,

432 3867 436 3874 ⁴
502 3865 626 3915 librement
644 3871 668 3908 et
688 3874 739 3907 sans
755 3873 831 3905 aucun
852 3855 1024 3922 empdcltement
1046 3854 1077 3903 du
1095 3853 1183 3920 bereng
1202 3853 1265 3916 sale,
1282 3868 1335 3900 sana
1354 3849 1401 3900 dia-

502 3948 600 4000 tinction
620 3955 645 3993 et
667 3959 719 3992 rana
736 3941 783 3989 titre
802 3940 874 4003 sujeta
890 3955 921 3988 an
939 3945 1154 4005 rempaoqnement,
1178 3945 1202 3985 et
1221 3951 1247 3985 ce
1264 3933 1402 3984 nonobttmt

504 4045 557 4084 tour
575 4030 647 4094 tun,
671 4026 823 4080 declaration
840 4035 864 4074 et
885 4023 956 4076 atriu
973 4021 1007 4072 dn
1027 4020 1114 4072 coureil
1130 4023 1144 4072 tl
1163 4036 1188 4070 ee
1212 4020 1353 4080 tonnano,
1377 4026 1402 4065 et
