3106 5110
850 389 895 456 40

382 620 641 708 perquirerentur
669 633 701 682 et
728 639 851 682 merces
877 631 1023 706 repertae
1039 618 1276 708 publicarentur
1292 619 1355 708 (1);

383 765 487 831 neque
509 743 570 831 ipsi
590 742 705 831 Belgae
726 763 820 807 naves
841 742 891 807 vel
908 765 1028 808 merces
1043 742 1180 808 Gallicas
1200 765 1359 809 assecura-

382 883 456 934 rent
473 864 735 954 (verasseureren)
754 865 767 953 (
788 865 814 955 ).

430 991 522 1056 Bello
538 1006 667 1074 exorto,
690 1013 763 1054 cum
778 991 972 1079 imperatore
988 992 1135 1056 Austriae
1147 990 1263 1056 foedus
1273 987 1360 1079 quod

384 1141 535 1207 maguum
562 1115 702 1196 dictum,
731 1115 848 1204 Belgae
871 1116 1080 1206 pepigerunt,
1106 1116 1157 1180 cui
1177 1137 1211 1180 se
1232 1129 1360 1204 praeter

381 1243 543 1331 Hispanos
566 1242 663 1306 etiam
685 1239 783 1329 Angli
805 1241 1033 1326 adjunxerunt,
1061 1240 1247 1327 quibuscum
1269 1259 1361 1328 prae·

380 1383 468 1433 terea
483 1365 641 1454 singulare
656 1380 785 1452 paetum
808 1374 854 1430 est
873 1365 1004 1449 initum,
1027 1387 1091 1453 quo
1109 1365 1301 1430 conveniunt
1318 1361 1359 1426 de

383 1486 585 1580 prohibenda
595 1487 684 1550 omni
694 1488 895 1576 navigatione
907 1504 940 1552 et
954 1489 1150 1553 commercio
1162 1511 1235 1552 cum
1249 1486 1359 1569 Gallia,

382 1636 448 1680 non
464 1628 589 1677 tantum
604 1613 747 1700 ipsorum
761 1609 963 1676 subditorum
979 1609 1035 1676 sed
1051 1627 1084 1677 et
1100 1612 1242 1676 omniurn
1260 1633 1360 1699 popu·

380 1740 489 1804 lorum
510 1751 711 1818 exterorum,
737 1757 873 1822 quorum
894 1755 991 1798 nares
1007 1735 1082 1798 huic
1103 1757 1169 1798 non
1192 1734 1360 1822 obtempe-

381 1879 506 1944 rantes,
535 1861 776 1952 publicarentur
795 1857 862 1946 (3),
889 1882 962 1924 cum
982 1861 1078 1924 etiam
1095 1861 1160 1925 alio
1177 1876 1289 1949 pacto,
1318 1860 1359 1928 de

383 1987 516 2054 naribus
539 1985 579 2050 ab
594 1984 686 2048 hoste
703 1984 897 2072 reeuperatis
915 1983 1009 2049 sociis
1024 1983 1214 2066 reddendis,
1232 1999 1358 2050 cautum

379 2115 421 2179 sit
443 2112 503 2202 (4).

426 2234 549 2300 Bellum
561 2234 668 2320 itaque
683 2252 742 2319 per
755 2246 859 2297 totam
874 2231 941 2297 fere
954 2233 1120 2323 Europam
1134 2231 1360 2318 Occidentem,

381 2357 422 2424 ad
449 2379 607 2421 nunovrcr
625 2378 681 2420 xiv
695 2355 904 2420 ambitionem
929 2353 1183 2445 restringendam
1200 2369 1233 2420 et
1247 2377 1361 2443 pacem

381 2461 634 2572 Westphalicam
649 2496 680 2546 et
693 2481 890 2568 Pyrenaeam
906 2478 1147 2572 vindicandam,
1162 2491 1285 2570 gestum
1298 2491 1360 2562 est,

383 2609 510 2692 donec,
533 2605 590 2682 die
611 2629 654 2670 ao
670 2605 761 2694 Sept.
780 2605 854 2669 anni
882 2604 985 2693 1697,
1002 2603 1115 2670 foedus
1129 2605 1249 2670 coaluit
1260 2604 1362 2669 uisvi-

384 2755 479 2800 cenae
497 2730 562 2820 (5),
588 2728 676 2818 quod
690 2728 872 2818 generalem
888 2749 1003 2817 pacem
1019 2729 1156 2793 restituit
1170 2739 1202 2793 et
1218 2729 1251 2792 in
1273 2731 1362 2816 eujus

416 2921 452 2986 (1)
469 2921 519 2968 Art.
533 2922 551 2966 B
566 2928 590 2966 et
608 2921 634 2967 3.
654 2917 713 2966 belli
731 2917 791 2969 decl.

416 3002 453 3069 (2)
470 3001 519 3050 Art.
538 3001 579 3049 13.

420 3087 455 3154 (3)
473 3085 525 3136 tid.
541 3095 634 3152 pactum
648 3083 710 3135 illud
725 3083 789 3152 apud
802 3098 832 3134 ur
845 3098 904 3134 nour
919 3102 941 3134 o.
958 3085 975 3134 l.
993 3088 1017 3135 7.
1035 3088 1061 3134 2.
1082 3087 1142 3136 288.
1159 3088 1236 3155 quod,
1254 3091 1280 3138 in
1294 3105 1366 3156 quan·

474 3179 526 3218 tum
533 3169 544 3232 j
547 3178 624 3216 ustum
633 3170 664 3217 sit
671 3179 695 3216 et
703 3169 807 3235 generali
813 3168 864 3232 juri
873 3169 981 3217 Gentium
990 3169 1107 3236 Europaeo
1117 3173 1257 3234 consentiat,
1271 3171 1366 3222 difficile

471 3251 545 3302 dictu.

421 3337 456 3408 (4)
475 3335 526 3388 tid.
542 3350 571 3386 ut
589 3349 648 3384 nona
663 3353 685 3385 o.
702 3335 720 3385 l.
739 3338 763 3387 7.
780 3339 805 3386 2.
816 3337 875 3386 ³01.
889 3337 931 3401 qui
944 3333 988 3383 boc
1002 3334 1083 3384 foedus
1098 3337 1159 3385 inter
1172 3337 1215 3386 illa
1228 3339 1284 3386 anni
1299 3339 1364 3388 1601

475 3430 594 3483 recenset,
617 3419 680 3487 quod
704 3419 789 3467 salsum
805 3436 851 3468 ease
867 3418 934 3467 docet
949 3419 988 3467 Gr.
1005 3418 1054 3468 Ple.
1068 3419 1095 3468 Β.
1110 3421 1136 3468 ὃ.
1154 3421 1214 3470 806.
1231 3423 1319 3490 quippe
1338 3421 1367 3472 ad

477 3525 520 3568 ea,
537 3523 596 3573 quae
610 3523 670 3554 auno
685 3506 752 3554 1⁰80
766 3505 917 3566 coaluerunt,
934 3502 1088 3554 referendum.

422 3591 459 3659 (b)
476 3592 511 3639 Bu
530 3603 589 3638 nour
608 3607 629 3638 c.
648 3588 666 3639 1.
684 3593 708 3640 7.
724 3592 749 3638 2.
768 3591 827 3637 ³81.
862 3589 1028 3654 Argumentum
1042 3587 1114 3652 bajus
1129 3586 1226 3636 foederis
1241 3605 1322 3655 parum
1337 3589 1367 3638 ab

477 3675 536 3734 illo,
552 3672 613 3740 quod
630 3689 690 3720 anno
707 3674 774 3721 1678
789 3672 899 3737 Neomagi
918 3671 1022 3734 coaluit,
1038 3669 1132 3731 differt,
1155 3673 1200 3720 uisi
1213 3672 1291 3739 quod,
1313 3689 1366 3722 eum

480 3774 508 3806 ex
526 3755 568 3805 illo
584 3755 671 3804 valeret
688 3755 768 3822 regula
778 3758 821 3803 atti
832 3755 982 3820 possidetis,
1000 3770 1042 3819 per
1059 3754 1128 3803 hocce
1147 3756 1232 3818 omnia,
1251 3757 1365 3823 utrimque

478 3844 537 3892 intra
548 3850 570 3889 et
581 3851 645 3889 extra
655 3839 766 3906 Europam
776 3836 861 3900 ablata,
872 3839 1032 3887 restituantur.
1055 3839 1172 3888 Praeterea
1183 3853 1322 3890 wuumun
1332 3842 1364 3889 lll

478 3942 554 3990 regem
570 3941 665 3990 magnac
679 3924 820 3973 Brittanniae
835 3924 927 3990 agnovit
940 3935 1069 3972 aunotucttn
1078 3923 1139 3986 xlv,
1148 3927 1190 3992 qui
1199 3942 1227 3976 cx
1240 3927 1291 3994 ipso
1302 3926 1366 3978 bello

475 4011 513 4058 rix
530 4007 672 4075 quidquam,
690 4017 779 4073 praeter
795 4008 892 4076 gloriam
909 4007 1015 4060 abstulit·
