3106 5110
853 391 898 452 22

394 621 445 713 gal
459 621 500 688 50
514 619 704 700 solidorum,
718 619 844 682 ratione
855 612 1081 703 magnitudinis
1092 617 1221 681 navium
1233 617 1375 712 (acheeps

394 749 432 815 ol
443 743 590 837 lastgeld)
607 746 806 831 imponeret,
829 759 911 826 quae
926 738 1036 802 omnia
1051 745 1291 827 quaeremonias
1308 746 1377 812 Bel·

393 895 504 964 garum
524 869 756 947 incitaverunt,
780 866 826 928 ita
844 878 879 927 ut
896 861 1033 928 Ordines
1048 863 1220 934 Generales
1237 871 1374 960 opinati,

394 997 457 1062 tale
477 993 619 1060 edictum
641 1005 840 1056 mercaturae
864 1003 897 1052 et
921 990 1115 1080 navigationi
1135 994 1230 1060 valde
1250 999 1376 1063 nocitu-

392 1143 482 1201 rum,
512 1120 617 1184 statim
644 1114 866 1195 decreverint,
897 1136 938 1177 ne
971 1113 1083 1202 aliquis
1107 1141 1187 1185 onus
1213 1123 1247 1186 in
1273 1123 1375 1190 Gallia

390 1246 582 1335 suscipiens,
613 1239 693 1306 illud
721 1239 858 1328 vectigal
884 1237 1041 1323 solveret,
1069 1265 1175 1331 poena
1202 1245 1289 1310 3000
1319 1246 1376 1312 flo-

391 1393 560 1451 renorum,
585 1390 624 1431 ac
642 1389 709 1430 non
731 1364 787 1429 diu
807 1380 901 1454 post,
931 1381 967 1429 ut
995 1388 1105 1432 omnes
1132 1372 1186 1456 qui
1214 1396 1310 1437 naves
1338 1375 1372 1438 in

393 1497 496 1562 Gallia
520 1507 710 1570 onerarent,
737 1515 754 1556 a
771 1493 926 1581 portubus
941 1492 1228 1560 intercluderentur
1241 1498 1308 1586 (1),
1325 1516 1375 1564 ut·

393 1645 455 1712 que
471 1643 663 1685 nonovrcnu
681 1642 735 1683 xrv
750 1642 768 1682 a
785 1617 918 1681 decreto
933 1616 1086 1682 recedere
1101 1636 1269 1710 cogerent,
1284 1625 1377 1690 mise·

392 1765 468 1815 runt
484 1749 536 1836 qui
551 1745 662 1833 Anglis
679 1759 712 1807 et
729 1741 929 1805 Hanseaticis
944 1727 1017 1806 sese
1026 1746 1175 1836 vectigali
1191 1771 1372 1838 opponere,

394 1871 636 1967 persuaderent,
651 1865 736 1954 quod
753 1889 861 1955 regem
874 1881 939 1931 tam
953 1870 1161 1938 vehementer
1177 1875 1321 1972 offendit,
1340 1895 1375 1943 ut

396 2005 535 2092 legatum
552 1993 683 2073 miserit,
705 1992 759 2078 qui
774 1991 886 2081 Belgas
900 1995 994 2060 minis
1007 2017 1162 2085 moveret,
1180 2018 1215 2067 ut
1229 2027 1248 2068 a
1262 2005 1374 2071 talibus

396 2114 671 2194 sollicitationibus
686 2112 874 2180 desisterent
883 2107 944 2207 (a)
981 2119 1078 2188 Hisce
1094 2133 1266 2213 commoti,
1283 2130 1374 2195 Ordi-

395 2273 450 2319 nes
469 2239 639 2310 Generales
654 2239 690 2302 in
705 2238 842 2306 Galliam
862 2252 927 2308 tres
947 2245 1034 2311 viros
1052 2246 1295 2341 delegaverunt,
1320 2257 1373 2344 qui

393 2375 462 2439 lites
485 2379 720 2451 componerent
743 2381 776 2429 et
798 2389 931 2456 operam
954 2368 1069 2437 darent
1089 2373 1131 2439 ad
1146 2393 1294 2466 pactum,
1318 2405 1376 2470 per

392 2488 573 2560 Articulum
604 2509 618 2549 r
644 2488 733 2576 pacti
759 2491 834 2554 anni
854 2491 959 2576 1646,
983 2509 1016 2559 et
1034 2514 1149 2586 postea
1173 2522 1192 2565 a
1213 2502 1319 2594 legato
1334 2506 1374 2572 de

392 2617 505 2693 Thou,
523 2632 599 2699 rege
613 2611 792 2699 probante,
811 2616 1013 2702 promissum,
1035 2621 1284 2696 conficiendum.
1308 2629 1374 2714 llli,

390 2740 527 2831 primum
546 2737 662 2802 morbo
679 2737 858 2805 Cardinalis
885 2766 928 2806 nn
949 2767 1094 2813 usuam
1111 2749 1275 2840 impediti,
1298 2779 1374 2822 mox

391 2865 496 2932 conati
514 2881 586 2928 sunt
603 2864 735 2953 antiqua
752 2881 847 2954 pacta
864 2869 1048 2955 restituere,
1073 2876 1231 2966 imprimis
1246 2883 1372 2971 privile.

388 2992 440 3083 gia
460 2990 646 3055 invocantes
667 2990 707 3054 ab
728 3013 874 3056 nauntco
891 3016 925 3057 1v
939 3018 1108 3083 concessa,
1127 3004 1240 3091 quibus
1256 3007 1372 3099 Belgae

388 3138 455 3182 nou
479 3116 523 3179 uti
549 3115 729 3205 peregrini,
759 3114 813 3181 sed
841 3120 930 3206 quasi
952 3121 1012 3211 ipsi
1034 3123 1161 3194 incolae
1183 3133 1371 3220 spectaban-

390 3257 443 3307 tur
463 3239 529 3330 (3),
552 3264 591 3307 ac
616 3240 729 3306 minati
746 3229 824 3307 ¹sum
843 3243 955 3334 Belgas
974 3252 1156 3336 portorium
1175 3257 1238 3322 vini
1256 3275 1288 3325 et
1304 3283 1371 3326 rna·

417 3496 453 3564 (a)
470 3497 572 3546 unm
589 3514 610 3546 ο.
627 3497 646 3546 1.
662 3499 687 3548 a.
706 3502 748 3549 aa.
767 3503 826 3552 ata.

417 3580 453 3647 ld)
472 3579 527 3629 lide
543 3580 663 3646 epistolam
677 3583 748 3650 legati
763 3585 865 3648 Gallici,
880 3587 943 3655 apud
956 3605 1056 3643 unauna
1072 3613 1093 3647 o.
1113 3598 1129 3646 l.
1144 3601 1183 3649 10.
1199 3603 1241 3650 40.
1255 3604 1297 3652 00.
1309 3606 1377 3669 eujtts

480 3663 563 3714 ultima
579 3665 661 3729 verba,
680 3669 714 3717 ita
732 3687 779 3717 sese
798 3669 898 3720 habent:
927 3673 974 3723 asi
990 3675 1139 3731 directement
1154 3699 1184 3733 ou
1203 3685 1378 3739 indirectement

479 3765 536 3797 vous
559 3751 667 3815 persistes
687 3769 700 3800 a
725 3754 847 3803 continuer
874 3771 910 3804 ces
932 3758 1094 3811 sollicitatioas
1117 3782 1146 3814 en
1164 3769 1298 3838 dngleterre
1314 3790 1376 3822 oua

480 3831 588 3900 Lubecq,
611 3835 629 3884 il
649 3834 748 3885 donnera
765 3854 811 3887 aux
833 3849 907 3888 votrea
924 3841 957 3890 les
975 3843 1089 3896 dernierea
1107 3866 1211 3919 marques
1228 3855 1256 3904 de
1274 3859 1377 3907 ressenti-

481 3928 542 3967 tncnt
561 3929 584 3966 et
600 3918 784 3987 d'indignation,
803 3924 845 3988 qui
859 3936 934 3974 semnt
952 3943 1034 3980 ennon
1051 3935 1155 3998 pouvoir.

416 4001 450 4070 (a)
472 4004 570 4053 ltrnstm
590 4019 610 4052 o.
633 4003 649 4052 l.
671 4008 709 4054 10.
728 4008 769 4055 41.
787 4009 802 4054 3
820 4018 842 4057 ct
862 4012 903 4061 40.
