3106 5110
681 415 720 480 lo

205 644 322 729 modo,
345 667 466 709 merces
485 643 701 731 Hispanorum
720 644 754 707 in
770 641 905 708 Galliam
921 642 1035 708 afferre
1051 643 1183 726 liceret,

205 770 292 859 quod
319 771 378 859 ipsi
406 769 489 834 Galli
516 791 583 834 non
609 783 777 857 poterant3
807 767 893 832 unde
917 769 1039 856 insigne
1060 769 1186 834 lucrum

204 895 307 986 Belgis
324 911 490 976 exortum,
517 895 571 981 qui
587 895 654 979 jam
674 909 751 958 tunc
768 893 925 981 temporis
943 914 1092 982 magnam
1107 915 1191 958 mer·

203 1036 346 1088 caturam
371 1021 526 1110 gerebant
548 1036 581 1085 et
609 1021 643 1084 in
672 1041 744 1084 eam
770 1032 841 1083 toto
869 1032 1003 1105 pectore
1027 1017 1193 1082 incumbe·

203 1147 293 1212 bant.
339 1144 471 1210 Nullum
490 1159 615 1226 tamen,
632 1141 720 1230 quod
737 1145 809 1228 jure
825 1142 1040 1231 navigationis
1058 1156 1090 1206 et
1106 1165 1194 1206 com·

205 1269 316 1334 mercii
335 1283 465 1358 pactum
484 1266 550 1332 dici
572 1282 679 1354 potest
702 1263 812 1330 adhuc
828 1267 965 1350 coaluit,
989 1289 1063 1332 cum
1083 1268 1192 1332 omnia

205 1418 244 1461 ex
261 1396 397 1482 antiquis
413 1393 534 1458 Edictis
550 1401 582 1456 et
597 1391 723 1480 legibus
739 1406 939 1481 regerentur,
958 1413 977 1454 a
996 1393 1109 1479 quibus
1125 1415 1192 1457 non

206 1541 365 1584 recessum
381 1527 444 1602 est,
467 1518 527 1581 nisi
543 1539 601 1606 per
618 1527 751 1605 pactum
767 1528 998 1600 memoratum,
1020 1516 1109 1605 quod
1124 1534 1196 1582 tan·

207 1640 378 1707 tummodo
395 1643 428 1707 iu
446 1639 690 1729 quadriennium
706 1643 846 1730 vigeret,
865 1642 948 1705 intra
966 1641 1053 1729 quod
1071 1656 1196 1731 tempus

205 1788 324 1830 norum
343 1763 571 1843 conficeretur,
596 1763 725 1829 tandem
743 1765 988 1852 quatuordecim
1010 1767 1099 1832 annis
1122 1781 1195 1857 post

204 1890 331 1956 initum.
379 1888 499 1979 Regula
518 1889 616 1978 igitur
641 1888 749 1954 adhuc
769 1890 884 1956 valuit:
913 1891 981 1954 »La
1005 1892 1085 1958 robe
1108 1890 1194 1957 d'en·

206 2014 292 2079 nemi
309 2013 472 2102 contisque
489 2013 570 2079 celle
587 2013 716 2096 d'ami'',
745 2036 826 2101 quae
846 2014 945 2078 modo
967 2012 1022 2078 diu
1043 2024 1115 2103 post
1139 2017 1193 2081 ab·

206 2149 320 2230 rogata
346 2156 406 2207 est.

249 2268 401 2331 Attamen
419 2281 507 2330 certa
528 2267 595 2349 jam
618 2262 776 2351 quaedam
791 2263 972 2351 principia,
992 2263 1053 2328 hac
1067 2274 1189 2348 aetate,
1255 2270 1261 2284 '

207 2389 382 2454 constituta
406 2402 498 2468 sunt,
525 2409 606 2474 quae
627 2387 722 2451 etiam
746 2401 857 2474 postea
872 2386 1076 2452 invaluerunt
1096 2403 1129 2453 et
1151 2386 1194 2453 ad

202 2515 255 2598 jus
270 2513 413 2602 gentium
430 2512 634 2600 Europaeum
652 2512 813 2601 pertinere
832 2527 1027 2602 coeperuntr
1068 2514 1194 2581 Praeci-

205 2659 268 2727 pue
284 2653 357 2701 sunt
373 2651 555 2724 sequentes:

249 2763 411 2850 Tempore
422 2762 529 2849 pacis:
554 2761 645 2826 Licet
656 2762 784 2844 omnia,
801 2761 861 2824 nisi
873 2761 1047 2850 prohibita,
1064 2761 1190 2831 afferre.

205 2885 279 2951 Non
307 2897 467 2975 coguntur
489 2887 678 2951 Nauarchae
701 2908 802 2951 onera
824 2907 879 2950 sua
902 2887 992 2951 inriti
1015 2886 1191 2978 deponere.

206 3011 346 3076 Litterae
366 3011 611 3099 represallorum
628 3027 721 3077 antea
737 3011 829 3078 datae
846 3013 951 3078 trullae
966 3030 1052 3082 sunt.
1093 3017 1142 3082 De
1157 3017 1193 3083 li·
1221 3008 1226 3020 Χ

93 3171 104 3186 ·
205 3137 289 3202 tibus
305 3137 384 3202 ortis
400 3135 577 3223 dijudicant
588 3136 714 3224 judices
730 3138 1000 3208 Archithalassici.

248 3262 410 3351 Tempore
425 3263 519 3328 belli:
548 3265 651 3329 Nares
669 3264 880 3330 mercatoriae
893 3287 959 3330 sese
971 3265 1190 3352 perquisitioni
1249 3329 1252 3350 1

207 3388 335 3453 narium
347 3397 539 3452 armatarum
550 3387 735 3474 subjiciunt:
764 3388 840 3452 Nou
854 3388 930 3452 licet
944 3409 1033 3452 arma
1046 3386 1190 3451 hostibus

204 3513 275 3596 vel,
287 3534 369 3600 quae
384 3511 425 3577 ad
437 3513 557 3577 victum
571 3513 731 3601 pertinent
743 3513 778 3575 in
788 3513 880 3576 locos
894 3512 1039 3575 obsessos
1052 3508 1187 3576 adferre.

204 3638 294 3702 Licet
315 3636 458 3726 spoliatis
480 3635 627 3725 persequi
647 3637 772 3700 hostem
794 3632 834 3698 ad
853 3636 975 3719 jactum
996 3603 1149 3700 tormenti
1170 3659 1189 3700 a

204 3775 300 3852 portu
316 3763 410 3829 socii.
453 3761 544 3843 Quae
562 3762 669 3827 hostes
684 3776 855 3850 ceperunt,
872 3759 971 3824 modo
986 3762 1069 3826 inter
1085 3761 1134 3825 bis
1147 3759 1189 3824 vi·

201 3888 281 3978 giuti
298 3906 434 3978 quatuor
449 3889 545 3954 horas
561 3891 805 3979 recuperentur,
828 3888 922 3953 sociis
938 3887 1155 3951 restituuntur.

607 4101 803 4128 ...4-
