3106 5110
686 437 708 502 3

195 669 388 744 elaboranda
400 671 551 753 materie,
570 669 699 734 initium
711 667 862 734 faciama
878 671 1093 758 temporibus,
1108 669 1178 760 qni·

196 803 255 868 bus
279 800 445 890 Belgarum
464 817 549 861 nova
565 791 746 884 respublica
762 793 935 859 constituta
949 811 1010 862 est.
1058 795 1174 863 Pactu·

193 951 264 994 rum
287 927 373 991 enim
396 921 568 1013 superioria
593 920 704 984 aetatis
721 918 822 982 multo
841 918 948 983 minor
962 919 1023 984 luit
1036 920 1175 986 efficaci·

193 1049 313 1139 tas(s)‚
328 1049 504 1115 relectum
517 1045 593 1110 loco
608 1042 730 1108 Edictis
743 1065 794 1108 res
804 1042 989 1133 gerebatur,
998 1043 1046 1133 (u)
1061 1068 1174 1134 quare,

194 1184 365 1263 pactorum
387 1172 428 1238 ab
449 1193 490 1237 eo
511 1185 659 1258 tempore
674 1167 831 1256 originem
848 1183 881 1233 et
896 1189 1041 1251 cumam,
1063 1191 1177 1234 eorum

224 1525 261 1592 (1)
278 1522 469 1589 Antiquissimum
487 1518 576 1586 dequo
593 1525 681 1568 constat
698 1520 761 1568 iuter
776 1517 854 1568 ualles
870 1527 895 1568 et
913 1519 996 1588 belgas
1014 1515 1108 1584 ioeslus,
1127 1535 1188 1573 anno

290 1606 358 1655 1000
370 1605 564 1654 interemtorum
581 1601 706 1651 Pulchrum
720 1611 745 1650 et
759 1611 914 1651 rmrmrmuu
929 1617 946 1651 v
960 1605 1067 1653 comitem
1082 1606 1183 1668 coaluit,

288 1705 318 1738 ex
332 1705 379 1754 quo
397 1689 511 1754 utrimque
531 1686 589 1734 licet
606 1687 633 1734 iu
651 1685 749 1734 alterins
768 1687 863 1751 regione
887 1701 971 1748 muer,
987 1695 1113 1754 apparatus
1128 1687 1188 1740 belli
1248 1713 1251 1720 ·

287 1782 313 1820 et
327 1787 387 1838 quae
407 1770 437 1820 ad
453 1772 540 1820 victum
563 1769 695 1835 pertineant
716 1785 792 1818 emere
801 1767 820 1818 1.
856 1771 994 1820 Memoratur
1011 1783 1090 1840 portea
1107 1771 1190 1825 foedus

287 1853 431 1904 uuihasenoe
456 1855 518 1904 iuter
535 1865 724 1916 nmmum,
748 1871 795 1921 qua
811 1851 888 1922 belgii
903 1856 1034 1923 Principem
1050 1871 1074 1908 et
1091 1875 1187 1912 uuuovr·

285 1953 332 1988 cur
347 1938 381 1985 xl
398 1937 486 1986 (lullire
503 1951 590 2004 regem,
609 1949 669 1986 anuo
689 1939 758 1986 1480
777 1939 863 1987 initum
873 1973 881 2002 ,
905 1955 953 2007 quo
974 1942 1000 1990 iu
1017 1941 1119 1994 lavemur
1133 1945 1189 1994 sub·

288 2020 389 2071 ‹litorum
409 2019 511 2070 liberum
530 2021 572 2084 jus
591 2020 711 2087 piscandi,
728 2022 868 2088 navigandi,
886 2033 911 2072 et
930 2036 1081 2076 mercaturam
1102 2028 1188 2096 agendi

288 2103 424 2154 conceditur
432 2100 451 2152 ².
486 2103 590 2153 Occurrit
608 2105 679 2152 etiem
702 2115 797 2180 pactum
819 2106 881 2154 iuter
900 2120 1006 2156 cruorum
1026 2109 1044 2157 V
1065 2111 1189 2176 Hispaniae

287 2205 380 2256 regem,
406 2187 529 2254 Belgarum
554 2187 684 2254 Principem
705 2198 728 2235 et
746 2190 914 2236 ruauuucurl
938 2187 1027 2240 Galliae
1054 2209 1132 2260 regem
1159 2194 1188 2244 ds

286 2271 385 2336 nuptiis,
405 2269 434 2319 ‹le
453 2267 527 2318 libera
547 2281 673 2320 mercatura
691 2279 752 2319 terra
769 2273 872 2338 marique
888 2271 955 2322 etde
972 2277 1089 2325 communi
1107 2277 1187 2327 adver-

286 2371 326 2403 sus
341 2353 417 2402 hostes
435 2353 523 2402 auxilio
533 2349 552 2402 ⁵.
587 2354 640 2402 Orto
657 2370 711 2401 vero
730 2351 808 2416 bello,
830 2351 949 2420 Principes
962 2357 1051 2406 interea
1068 2358 1096 2407 tle
1113 2358 1187 2409 libem

287 2435 394 2487 balecum
408 2439 524 2502 piscatura
544 2439 659 2503 utrimque
678 2437 769 2486 civibus
783 2437 936 2501 concedenda,
954 2441 1016 2489 inter
1034 2458 1057 2488 se
1075 2459 1187 2492 convene·

287 2531 341 2569 runt
360 2529 384 2568 et
397 2519 463 2569 brevi
480 2530 531 2586 port
549 2536 687 2585 perpacem
705 2519 908 2570 Cameracensem⁴
925 2539 986 2570 anno
1004 2523 1072 2572 teet
1087 2525 1185 2587 initum,

287 2604 352 2670 pacis
368 2602 528 2665 Hadriteusis,
545 2603 632 2670 quibus
647 2616 777 2652 turtureum
794 2606 805 2652 I
821 2614 880 2653 stare
894 2617 1056 2667 recusaverat,
1074 2607 1188 2656 conditio·

289 2684 372 2735 tresde
386 2697 469 2735 mutuo
485 2686 608 2752 piscandi,
625 2685 765 2751 navigandi,
783 2685 901 2734 mercandi
916 2687 1023 2736 libertate
1042 2690 1188 2740 confirmatae

287 2767 369 2820 eunt³.
398 2772 461 2818 luter
474 2769 530 2831 alin,
544 2769 631 2836 quibus
645 2768 756 2833 etiamjle
771 2779 899 2817 merentum
914 2780 1018 2833 cautum,
1031 2773 1131 2837 pertinet
1143 2790 1190 2838 pax

287 2852 385 2904 tenello
399 2854 567 2904 Cameracensis
580 2851 690 2919 (Cheteau
704 2850 837 2918 cambresis)
853 2853 916 2900 iuter
928 2856 1069 2902 rmururl
1080 2856 1187 2906 lustria-

287 2953 341 2986 cum
356 2948 379 2986 et
393 2952 508 2986 uumtuuu
525 2939 563 2990 ,lll
581 2935 670 2985 Galbae
689 2952 767 3002 regem
783 2952 843 2983 anuo
862 2937 928 2984 1550
947 2938 1067 3001 coniectu,
1084 2957 1131 3006 qua
1149 2943 1185 2990 iu-

286 3023 360 3071 ricem
378 3023 503 3088 navigem,
520 3037 612 3082 emere,
629 3018 727 3068 vendere
736 3054 744 3080 ,
763 3019 926 3067 commercium
943 3019 1019 3068 secere
1035 3021 1091 3072 licet
1107 3033 1131 3072 et
1144 3025 1186 3089 jus

286 3104 409 3155 albinetua
436 3104 506 3172 (droit
530 3103 664 3170 d’aubaine)
691 3104 837 3168 extinguitur
855 3099 874 3150 ⁸.
911 3102 1038 3166 Quemnam
1061 3121 1114 3154 vero
1137 3108 1186 3156 vim

287 3188 379 3237 foedera
398 3189 458 3250 illa,
479 3190 505 3237 iu
528 3199 641 3254 quantum
664 3197 777 3252 perpetua
800 3189 965 3236 constituerent
983 3189 1115 3251 commode,
1134 3201 1185 3256 post

286 3289 364 3340 regem
387 3273 512 3338 Hispaniae
531 3273 664 3335 ejuratum,
690 3269 765 3320 libera
789 3269 910 3335 republica
931 3269 1057 3333 baberent,
1082 3271 1185 3322 difficilis

286 3359 398 3426 quaestio.

226 3439 264 3506 (0)
282 3443 345 3490 luter
362 3441 443 3488 Edicta
460 3441 546 3487 eminet
564 3438 602 3486 lex
619 3438 708 3488 navalis
726 3437 756 3486 ab
774 3451 872 3486 murco
889 3439 925 3486 lll
945 3455 998 3505 rege
1018 3440 1107 3489 Galliae
1125 3460 1185 3492 nuno

288 3523 451 3583 resecuta,
473 3521 541 3585 cujus
559 3523 608 3569 Art.
628 3522 661 3569 00
680 3522 777 3569 statuit:
792 3520 855 3586 quosl
872 3537 958 3570 merces
977 3522 1073 3572 bostiles
1086 3527 1111 3574 in
1129 3528 1183 3577 nari

285 3610 360 3659 amica
382 3615 485 3674 repertae
509 3605 627 3654 efficerent
642 3604 825 3671 publicationem
844 3607 911 3656 naris
928 3609 1015 3658 amicae
1037 3627 1090 3660 curn
1114 3629 1182 3660 onere

215 3734 223 3772 i
238 3735 308 3772 iusso
321 3731 374 3772 ttoll.
386 3729 453 3780 11010.
466 3731 484 3769 1.
496 3729 540 3770 210.

213 3797 313 3838 Ηιυιτ
326 3799 378 3836 urst
391 3795 448 3835 read.
462 3796 480 3833 1.
494 3795 536 3833 157.
562 3803 592 3831 uu
608 3803 674 3831 musa
688 3793 745 3840 Gorp.
757 3791 805 3839 dipl.
817 3791 836 3829 3.
849 3791 867 3828 2
881 3790 925 3828 100.

212 3863 268 3901 situ
283 3871 349 3900 morse
362 3872 380 3900 o.
395 3859 474 3898 tbi.
488 3860 529 3900 100.

214 3924 461 3966 inerrabili&

213 3994 312 4031 Herse
325 4001 343 4030 o.
356 3991 370 4030 Ι.
383 3991 397 4028 l.
411 3991 429 4028 1.
456 3987 715 4028 oenomelum.

213 4057 226 4094 0
239 4057 268 4094 uu
284 4065 348 4094 ιοιτ
362 4065 379 4092 ο.
394 4053 407 4091 Ι.
420 4055 439 4091 5.
454 4055 471 4094 l.
486 4053 517 4090 tl.
