3106 5110
246 648 309 712 Per
326 646 480 714 tredecim
497 668 597 712 annos
613 662 779 734 sequentes
801 647 969 736 Belgarum
988 654 1185 732 mercatura,

202 775 252 838 cui
277 774 397 839 bellum
419 773 578 862 imprimis
599 774 740 854 faverat,
767 795 846 860 pace
868 774 993 863 vigente
1012 799 1079 842 non
1095 776 1189 844 dimi-

202 916 279 965 nuta
296 915 360 983 est,
385 899 491 963 donec
508 898 596 963 bello
612 901 696 962 inter
711 899 833 988 Anglos
850 915 883 963 et
900 900 1051 964 Coloniae
1070 905 1192 970 Ameri-

202 1049 297 1090 canas
329 1025 371 1089 de
401 1025 551 1090 libertate
576 1046 686 1088 earum
717 1046 801 1088 anno
839 1024 921 1112 1775
953 1042 1065 1092 exorto
1097 1028 1192 1094 etiam

203 1147 290 1213 Galli
306 1165 339 1213 et
355 1149 488 1238 Hispani
504 1173 537 1214 se
553 1151 801 1233 immiscuerint,
822 1173 907 1214 anno
928 1152 1012 1239 1778
1030 1154 1191 1218 civitatem
1239 1232 1243 1236 ‚

204 1295 322 1338 novum
343 1276 550 1339 constitutam
571 1274 712 1378 liberam,
723 1292 930 1364 agnoscentes
948 1293 980 1342 et
996 1276 1109 1344 foedus
1126 1302 1200 1348 cum

202 1401 265 1465 illis
287 1417 481 1490 pangentes3
507 1399 592 1464 unde
612 1422 732 1465 novum
749 1401 862 1464 iterum
879 1400 1000 1466 bellum
1017 1403 1100 1467 inter
1117 1403 1192 1468 Gal·

204 1524 279 1588 liam
301 1541 333 1590 et
352 1524 500 1615 Angliam
521 1537 671 1590 exortum
690 1525 754 1613 (r),
780 1526 866 1614 quod
883 1551 960 1592 mox
975 1527 1084 1592 locum
1103 1528 1191 1594 dedit

205 1649 313 1716 multis
334 1650 513 1740 Anglorum
534 1649 812 1739 praedationibus,
836 1653 890 1738 qni
912 1675 978 1716 non
995 1669 1119 1718 tantum
1138 1678 1194 1718 na·

204 1796 258 1840 ves
271 1777 430 1840 mercibus
444 1776 548 1840 vetitis
562 1793 707 1859 onustas,
720 1777 776 1842 sed
790 1792 822 1840 et
835 1777 987 1866 plurimas
1004 1779 1094 1863 alias,
1109 1781 1193 1848 iuter

203 1923 279 1988 quus
294 1901 451 1989 imprimis
463 1923 575 1966 omnes
591 1901 712 1992 lignum
727 1904 861 1968 navibus
876 1905 1026 1994 parandis
1038 1906 1190 1974 idoneum

204 2027 237 2090 in
258 2025 395 2092 Galliam
418 2023 625 2108 advehentes,
651 2043 806 2115 ceperunt
827 2045 859 2092 et
875 2042 990 2095 contra
1007 2031 1072 2099 vim
1092 2049 1125 2120 et
1140 2033 1193 2102 lit.-

204 2168 309 2218 teram
320 2163 490 2242 pactorum
505 2154 750 2242 publicaverunt
763 2153 829 2240 (a),
847 2176 911 2241 quo
924 2171 1104 2220 mercatura
1117 2181 1191 2225 cum

202 2275 302 2342 Gallis
323 2299 385 2365 pro
410 2297 525 2367 magna
547 2288 638 2366 parte
664 2276 770 2342 deleta
793 2293 856 2359 est,
882 2301 956 2343 cum
976 2301 1073 2346 naves
1088 2305 1187 2350 arma,

203 2417 255 2467 tue
280 2403 458 2493 Anglorum
484 2404 690 2468 mercatorias
712 2404 909 2491 reipublicae
930 2406 971 2470 ab
989 2408 1054 2470 oris
1072 2425 1192 2474 averte·

203 2541 275 2592 rent
293 2524 356 2614 (3).
404 2525 509 2614 Belgis
527 2549 605 2590 vero
622 2528 738 2590 iterum
756 2543 901 2592 neutram
917 2546 1040 2616 partem
1056 2555 1191 2619 sequen·

201 2653 305 2736 tibus,
328 2675 384 2718 rex
406 2652 530 2718 Galliae
549 2651 601 2719 die
627 2651 670 2717 26
690 2651 775 2715 Julii'
788 2654 864 2716 antii
889 2655 972 2741 1778
989 2654 1131 2722 edictum
1150 2657 1191 2726 dc

204 2782 403 2866 commercio
429 2780 573 2869 gentium
599 2795 782 2844 neutrarum
804 2781 1018 2870 promulgavit
1036 2781 1082 2870 (4)
1105 2805 1187 2870 qun,

205 2929 263 2996 per
273 2911 345 2973 Art.
365 2929 377 2972 t
392 2907 433 2970 ab
447 2906 578 2993 antiqno
590 2906 696 2994 rigore
709 2927 769 2994 pro
779 2923 870 2995 parte
884 2906 1018 2972 decessit
1028 2912 1188 2994 etstatuit,

204 3049 239 3096 nt
258 3035 377 3098 neutris
396 3032 523 3122 populis
541 3031 654 3096 liceret
669 3032 819 3122 navigare
835 3048 868 3098 et
883 3050 1096 3100 mercatura·
1113 3059 1187 3102 cunt

205 3158 297 3222 hoste
317 3159 443 3240 facere,
474 3157 652 3222 dummodo
673 3159 774 3222 vetita
796 3179 861 3224 non
884 3157 1097 3242 adveherent,
1127 3185 1187 3230 uec

172 3397 176 3406 ¹
214 3403 504 3415 -nn-——u——u-v—-a

242 3553 279 3621 (l)
296 3554 392 3604 Restm
409 3572 431 3602 o.
451 3555 469 3602 Ι.
487 3558 512 3602 2.
532 3557 582 3605 490
599 3573 647 3624 sqq.

243 3636 279 3705 (2)
296 3637 362 3702 Quod
380 3647 458 3686 contra
477 3647 544 3704 pacta
561 3640 619 3687 inita
639 3641 709 3688 fnisse
725 3641 775 3703 jam
795 3642 820 3690 in
837 3642 986 3707 praecedente
1006 3642 1069 3694 bello
1085 3645 1194 3698 vidimus.

239 3721 274 3788 (8)
292 3722 343 3772 tid.
360 3723 468 3790 querelae
486 3723 743 3773 Amstelaedamensimn
753 3724 781 3773 de
791 3725 841 3774 illis
855 3727 1043 3791 praedationibus
1056 3729 1119 3796 apud
1129 3733 1193 3782 Verv.

297 3825 327 3873 op
346 3821 477 3858 wudetun
496 3825 519 3856 o.
538 3807 555 3856 l.
575 3810 618 3856 25.
638 3811 705 3870 202,
724 3809 766 3858 ubi
784 3811 859 3858 omnia
882 3811 964 3860 damna
983 3812 1013 3861 ab
1030 3815 1111 3880 Anglis
1130 3819 1194 3865 navi-

296 3891 385 3954 gationi
402 3901 425 3938 et
441 3893 578 3940 commercio
597 3891 664 3941 illata
677 3905 849 3943 enumerantur.

241 3972 278 4037 (tt
294 3972 344 4020 vit.
363 3973 467 4024 Edictum
484 3975 546 4024 illud
565 3975 628 4042 apnd
648 3990 749 4026 turma
764 3978 861 4026 Recneil
876 3979 901 4024 3.
922 3981 962 4026 18.
978 3989 1001 4026 et
1017 3979 1115 4032 Recneil
1135 3985 1192 4036 Gen.

297 4056 319 4106 d.
338 4075 389 4106 ano.
406 4058 422 4106 l.
439 4061 519 4110 Frtnc.
537 4063 579 4112 26.
598 4063 657 4110 366.
