3106 5110
682 445 722 508 tl

201 665 368 734 dissertum
390 685 453 751 est,
479 672 624 757 quamvis
643 671 677 734 iu
696 673 767 758 ipso
787 687 884 757 pacto
901 669 941 738 de
956 674 1010 740 illa
1026 695 1094 740 non
1111 695 1184 740 cau·

202 805 283 862 rum.
301 829 347 846 -
363 793 534 859 Praeterea
550 795 585 857 in
601 793 687 860 idem
704 795 859 882 temporis
876 798 1013 884 spatium
1036 819 1074 862 ac
1092 819 1184 886 praa·

200 916 333 1001 cedens,
345 941 462 1006 nempe
472 920 586 1008 viginti
599 920 737 1006 quinque
753 941 926 1001 annorum,
938 919 1052 983 initum
1064 936 1111 984 est
1121 921 1181 1011 (1).
1286 937 1292 946 '

243 1041 329 1106 Pace
345 1057 378 1106 et
393 1058 489 1130 pacto
506 1045 693 1108 commercii
707 1045 812 1126 lacto,
828 1067 886 1132 per
901 1041 1045 1128 edictum
1059 1042 1124 1108 diei
1142 1011 1181 1110 r3

199 1165 278 1252 Mrji
297 1165 438 1252 ejusdem
454 1167 529 1232 anni
545 1184 725 1234 mercatura
738 1170 822 1234 inter
833 1168 943 1234 Gallos
955 1185 988 1235 ct
999 1170 1111 1259 Belgas
1122 1192 1185 1235 res·

199 1289 292 1354 tituta
310 1306 358 1356 cst
369 1289 433 1379 (a),
457 1313 537 1378 quae
553 1293 621 1356 sine
637 1290 703 1355 ullo
720 1291 788 1372 fere
803 1292 1034 1382 impedimento
1051 1294 1184 1384 gereba-

199 1430 252 1478 tur
273 1435 332 1501 per
351 1431 477 1502 tempus
499 1437 517 1478 a
539 1428 635 1502 pacto
657 1415 880 1499 constitutum,
901 1417 998 1482 unico
1019 1415 1107 1505 quod
1124 1440 1184 1508 per

200 1537 314 1626 viginti
335 1538 476 1626 quinque
496 1561 597 1604 annos
616 1538 779 1604 incolume
799 1539 923 1606 mansit.
967 1539 1184 1608 Mercaturam
1242 1625 1244 1630 Α

201 1663 324 1729 interea
346 1665 422 1728 satis
447 1687 594 1753 maguam
623 1665 739 1755 Belgae
762 1665 918 1753 agebant,
948 1667 1091 1753 quamvis
1116 1669 1184 1754 jam

200 1802 276 1852 tunc
293 1789 439 1873 classem,
454 1806 650 1855 mercaturae
662 1790 957 1879 propugnaculum,
969 1791 1183 1881 negligerent,

196 1913 286 2002 quod
304 1914 433 1996 olfecit,
450 1931 486 1978 ut
501 1916 544 1980 ab
561 1937 600 1980 eo
616 1915 692 1980 inde
708 1931 855 2004 tempore
871 1915 1052 2003 respublica
1067 1919 1183 1982 sensim

197 2040 378 2126 sensimque
393 2063 411 2104 a
428 2040 560 2128 pristina
578 2040 797 2128 magnitudine
813 2038 977 2106 decederit
993 2039 1053 2125 (3).
1091 2039 1184 2104 Tem-

198 2183 298 2248 pore,
327 2162 417 2250 quod
438 2178 567 2249 pactum
589 2161 774 2244 definierat,
800 2161 996 2249 praeterito,
1030 2158 1072 2228 de
1096 2184 1183 2228 novo

198 2300 332 2374 egerunt
346 2283 488 2350 Ordines
498 2285 682 2366 Generales,
702 2284 789 2370 quod
805 2306 891 2349 anno
912 2284 998 2374 1739
1012 2287 1142 2353 coaluitt

652 2511 727 2594 ss.

197 2697 330 2786 Pactum
353 2701 566 2784 navigationis
581 2707 613 2757 et
630 2677 817 2759 Commercr’l
835 2701 921 2758 inter
937 2717 1129 2762 nnnovrcurs
1142 2719 1182 2764 xv

264 2842 370 2911 regem
389 2819 515 2886 Galliae
531 2830 563 2884 et
576 2843 714 2887 caumas
727 2843 911 2887 ennarrans
922 2821 1029 2910 Belgis·
1038 2824 1116 2888 Foe-

323 2945 550 3009 derandum
569 2945 649 3012 Dec.
667 2955 748 3010 anni
767 2947 850 3036 1739
868 2955 980 3012 initum
992 2947 1052 3036 (4).

242 3149 367 3224 Mutato
381 3183 493 3228 verum
505 3159 636 3241 ordine,
651 3173 779 3248 pactum
792 3156 872 3222 illud
886 3179 999 3246 magna
1014 3181 1074 3246 pro
1086 3174 1177 3247 parte

199 3304 273 3349 cum
286 3283 499 3372 praecedenti,
514 3287 603 3370 cujus
615 3284 783 3349 renovatio
795 3299 855 3364 est,
868 3284 1027 3372 congruit,
1040 3283 1081 3346 ad
1090 3283 1176 3349 litte·

197 3431 266 3473 ram
282 3409 368 3473 enim
381 3407 449 3472 fere
466 3411 667 3474 consentiunt
682 3408 753 3472 Art.
776 3431 789 3470 r
808 3409 902 3492 hujus
917 3407 1003 3494 pacti
1016 3428 1089 3472 cum
1105 3409 1175 3474 Art.

215 3615 280 3623 ...-

233 3725 269 3793 ll)
287 3724 387 3774 Additur
403 3727 473 3774 surm
492 3735 560 3790 proto
575 3723 693 3776 articulus
710 3721 834 3789 singularis
854 3720 916 3788 qnod
931 3719 959 3771 ad
976 3719 1047 3770 rerba
1065 3719 1105 3770 illi
1120 3721 1184 3786 pacti

288 3813 345 3860 anni
363 3811 430 3859 1667
448 3811 570 3876 congruit,
587 3807 649 3875 quod
666 3806 718 3857 virle
734 3804 797 3874 apud
812 3818 843 3856 nu
858 3818 918 3855 lom
935 3821 958 3854 o.
972 3803 990 3856 Ι.
1008 3807 1034 3854 8.
1053 3807 1077 3854 1.
1093 3805 1153 3853 882.

232 3891 268 3958 (2)
286 3894 322 3942 nu
336 3907 396 3942 nom
413 3909 434 3942 o.
453 3893 471 3942 l.
492 3894 517 3940 8.
539 3895 563 3940 1.
581 3892 641 3938 385.

232 3975 268 4042 (3)
285 3975 342 4025 vide
358 3990 426 4026 susac
445 3994 467 4025 o.
487 3976 504 4025 l.
521 3977 548 4026 4.
563 3976 629 4036 1⁰2,
649 3977 698 4025 180
715 3989 763 4040 sqq.
782 3983 805 4022 et
819 3973 879 4022 279.

233 4059 268 4126 ll)
286 4060 325 4107 Gr.
345 4059 406 4108 Piae.
424 4061 450 4107 B.
465 4062 489 4109 t.
506 4061 567 4108 ³²4.
584 4073 713 4109 mursam
727 4077 748 4106 o.
768 4058 785 4105 l.
803 4060 828 4104 2.
849 4060 871 4103 l.
887 4057 947 4104 ast.
973 4087 980 4092 -

901 4155 1024 4236 .„
