3096 5114
661 387 700 451 al

197 618 270 682 Art.
295 615 314 682 3
343 632 375 682 et
408 619 446 694 14
471 613 623 678 nonnulla
650 613 886 704 navigationem
906 633 938 682 et
963 635 1173 689 mercaturam

197 743 373 830 spectantia
394 741 616 823 inveniuntur,
644 762 725 826 quae
741 741 814 807 Art.
837 739 857 805 3
878 756 911 806 et
927 741 968 831 37
987 748 1073 833 pacti
1090 767 1176 812 eom·

196 867 307 932 mercii
322 866 477 955 Neomagi
490 866 578 947 initi,
595 864 636 930 ad
651 865 793 930 litteram
805 866 873 932 fere
890 869 1104 936 consentiunt.

239 992 422 1079 Antequam
435 1012 514 1055 vero
526 990 656 1055 ulterius
667 989 922 1080 progrediamur,
932 1009 1131 1059 mercaturae
1143 1012 1175 1060 et

194 1115 402 1206 legislationis
422 1116 599 1180 maritimae
618 1137 802 1204 progressus
818 1117 980 1205 persequi,
1003 1119 1123 1205 absque
1139 1141 1176 1184 re

194 1261 262 1304 non
290 1241 368 1323 erit,
398 1263 516 1329 quare,
540 1257 645 1306 aetate
668 1255 818 1330 peracta,
850 1239 940 1304 illam
968 1265 1041 1306 curn
1066 1244 1175 1331 priore

195 1386 419 1455 comparemus
439 1383 472 1431 et
493 1364 609 1430 exinde
623 1364 804 1447 videamus,
829 1387 985 1452 quaenam
998 1367 1051 1432 vel
1067 1367 1175 1434 addita

196 1492 248 1555 vel
268 1491 438 1556 emendata
461 1493 539 1572 siut,
569 1508 606 1558 ut
632 1493 697 1558 hoc
717 1491 817 1558 modo
842 1491 884 1557 de
911 1492 1040 1583 singulis
1063 1493 1174 1558 melius

197 1631 364 1706 appareat.

242 1741 385 1804 Primum
406 1762 484 1805 vero
504 1739 545 1804 de
566 1741 641 1828 ipsis
653 1742 773 1829 pactis,
792 1763 876 1828 quae
895 1744 957 1807 hac
977 1755 1081 1807 aetate
1098 1763 1174 1808 eoa·

163 1863 166 1870 '
193 1861 339 1943 luerunt,
361 1861 425 1926 boc
444 1860 743 1927 animadvertimust
768 1863 905 1952 plurima
921 1863 976 1928 illa
991 1865 1172 1948 confluere,

194 1984 236 2051 de
265 1986 378 2073 quibus
404 1987 514 2075 priora
541 1996 595 2050 aut
620 1987 724 2050 minus
752 2002 901 2053 accurate
929 1989 1086 2077 agebant,
1120 2002 1175 2052 aut

193 2107 327 2172 omnino
343 2104 495 2189 silebaut3
513 2119 721 2198 quapropter,
739 2131 813 2174 cum
825 2110 860 2172 in
874 2109 938 2174 fine
952 2111 1065 2198 capitis
1078 2111 1173 2198 primi

191 2232 316 2322 regulas
333 2233 635 2315 enumeraverimus,
650 2255 730 2322 quae
749 2256 787 2298 ex
802 2234 833 2297 vi
853 2256 948 2321 quam
966 2249 1061 2322 pacta
1080 2235 1173 2298 variis

191 2358 390 2446 temporibus
406 2373 568 2439 exercent,
585 2355 733 2441 effluunt,
746 2359 904 2446 optimum
916 2359 978 2422 erit
991 2358 1087 2423 etiam
1101 2357 1171 2424 illas

191 2503 272 2571 quae
295 2481 357 2547 bac
378 2491 491 2546 aetate·
508 2481 710 2547 invaluerunt
725 2493 757 2547 et
779 2504 893 2573 magna
922 2505 982 2571 pro
1009 2499 1102 2572 parte
1127 2483 1170 2548 ad

187 2608 237 2692 jus
260 2604 411 2672 Gentium
432 2605 635 2694 Europaeum
657 2608 818 2694 pertinere
843 2607 1096 2696 coeperunt(1),
1120 2631 1170 2672 re·

190 2751 337 2815 censere,
355 2746 392 2795 ut
406 2729 482 2796 inde
499 2731 690 2819 quibusnam
703 2731 737 2795 in
753 2731 847 2796 rebus
864 2731 1002 2796 invicem
1019 2728 1169 2796 differant

189 2856 241 2921 vel
271 2873 468 2945 congruant,
498 2857 594 2922 facile
623 2870 758 2923 constet.
805 2855 886 2922 Sunt
910 2856 1093 2920 summatim
1119 2878 1167 2921 se·

189 2997 337 3069 quantes:

236 3110 389 3195 Tempore
411 3116 515 3196 pacis.
563 3107 687 3175 Geruut
713 3109 824 3198 populi
850 3109 891 3173 ab
919 3123 1051 3196 utraque
1076 3125 1167 3198 parte

186 3232 321 3296 liberam
333 3248 543 3297 mercaturam
560 3233 706 3298 omnium
722 3255 852 3315 eorum,
870 3255 953 3321 quae
969 3255 1030 3298 nec
1045 3233 1165 3321 legibus

187 3379 248 3421 nec
265 3353 448 3432 foederibus
461 3371 534 3420 sunt
551 3356 659 3421 vetita.
705 3357 828 3421 Intrant
843 3378 940 3422 naves
955 3358 1165 3424 mercatoriae

186 3492 315 3570 portum
336 3480 428 3547 socii.
473 3479 549 3543 Non
571 3495 728 3568 coguntur
743 3480 931 3545 Nauarehae
953 3480 1043 3543 iuviti
1066 3502 1165 3549 onera

187 3606 366 3696 deponere,
394 3604 446 3672 vel
472 3604 513 3670 de
539 3604 600 3670 illis
615 3604 750 3670 solvere.
797 3603 892 3670 Nulla
910 3620 957 3670 est
969 3605 1093 3695 privata
1108 3629 1164 3672 na·

222 3913 257 3984 (1)
276 3915 308 3962 lle
329 3915 392 3982 vario
408 3915 463 3976 jure
483 3929 512 3962 ex
536 3912 609 3978 pactis
628 3921 721 3972 exorto,
748 3911 795 3960 vid.
823 3925 985 3960 aruumuoru
1009 3912 1101 3975 Quaest.
1118 3913 1166 3975 jur.

274 3999 340 4048 Publ.
359 3998 413 4049 libr.
435 4002 457 4049 1.
482 4000 516 4048 Gi.
536 4012 599 4048 auor.
619 3997 716 4061 dejure
735 3997 782 4046 bel.
801 4006 824 4044 et
841 4011 892 4062 par.
912 3995 929 4045 l.
949 3998 973 4044 3.
991 4013 1011 4045 c.
1029 3999 1055 4047 6.
