3106 5110
846 421 886 487 tt

368 651 501 733 milites,
521 650 570 715 rel
592 670 675 737 quae
691 648 778 713 bello
794 650 987 734 inserviunt,
1005 653 1056 717 vel
1077 675 1158 740 quae
1172 655 1214 720 ad
1230 656 1350 724 rictum

366 777 529 862 pertinent
544 775 578 837 in
600 772 690 838 locos
710 773 866 838 obsessos.
913 774 1108 842 Prohibetur
1123 801 1240 865 porro,
1265 804 1352 848 arma

366 898 418 965 vel
437 919 531 963 naves
548 896 693 962 hostibus
712 913 892 984 praestare;
918 897 1006 986 quod
1026 903 1051 965 si
1074 901 1183 986 fieret,
1207 906 1350 996 navigia,

366 1039 556 1114 apparatus,
588 1045 711 1088 merces
734 1023 975 1111 publicarentur
990 1025 1057 1114 (1),
1082 1050 1121 1092 sc
1136 1030 1160 1093 si
1177 1029 1296 1119 praeda
1315 1032 1350 1096 in

365 1151 506 1215 bostium
521 1164 678 1238 potestate
693 1147 840 1231 redacta,
855 1153 939 1214 intra
952 1151 1002 1216 bis
1014 1152 1127 1242 viginti
1142 1169 1281 1242 quatuor
1296 1157 1352 1221 bo·

365 1297 415 1340 ras
436 1285 694 1364 recuperaretur,
718 1275 809 1339 socio
822 1277 1059 1362 restitueretur,
1085 1302 1151 1343 non
1167 1283 1350 1346 tantumin·

365 1416 415 1466 tra
431 1401 544 1490 viginti
557 1415 693 1488 quatuor
707 1401 819 1484 bores,
838 1418 873 1466 nt
882 1402 1019 1487 jubebat
1033 1404 1104 1469 Art.
1120 1405 1163 1471 16
1177 1404 1274 1470 edicti
1286 1405 1345 1495 (a).

410 1523 508 1605 Quod
535 1523 577 1588 ad
604 1524 742 1589 alteram
764 1526 991 1593 constituitur:
1019 1543 1056 1594 ut
1075 1551 1170 1594 nores
1187 1545 1348 1595 mercato·

365 1651 433 1715 riae
454 1650 577 1715 bellicis
602 1665 825 1731 occurrentes,
855 1651 890 1714 in
911 1653 993 1716 mari
1016 1652 1108 1735 alto,
1137 1653 1187 1718 vel
1210 1651 1252 1717 ad
1276 1675 1351 1719 oras

365 1777 563 1865 peregrinas,
585 1773 724 1840 demisso
744 1773 878 1859 vexillo,
901 1799 969 1840 non
988 1799 1065 1842 vero
1086 1777 1179 1860 velis,
1200 1778 1288 1865 quod
1302 1801 1351 1844 re·

365 1902 550 1990 quirebatur
567 1901 600 1964 in
620 1898 748 1984 edicto,
774 1900 963 1966 facultatem
981 1900 1111 1984 darent,
1134 1902 1234 1966 tribus
1254 1900 1346 1980 viris,

365 2047 483 2091 auare
503 2041 624 2089 armata
645 2022 688 2089 ad
705 2027 828 2110 jactum
844 2028 997 2090 tormenti
1019 2024 1208 2108 accedente,
1229 2026 1348 2109 missis,
1422 2035 1434 2046 “

364 2148 486 2215 risendi
507 2148 631 2212 litteras
658 2165 787 2237 apertas
816 2166 849 2214 et
873 2149 967 2214 liberi
991 2160 1206 2234 commeatus,
1232 2149 1350 2240 (passe-

366 2291 456 2365 ports
471 2274 687 2363 oupatentes)
705 2276 852 2362 equibus
876 2273 917 2341 de
937 2298 1036 2341 onere
1056 2293 1241 2366 appareret,
1264 2278 1350 2344 nulla

367 2399 597 2490 perquisitione
614 2398 741 2482 habita,
760 2398 910 2487 nullaque
928 2402 1065 2488 pecunie
1083 2401 1201 2485 soluti,
1219 2401 1350 2467 nomine

369 2526 552 2593 donationis
564 2524 616 2590 rel
632 2525 765 2613 praemii
778 2524 933 2613 (salaires,
950 2526 1113 2590 vacatione
1129 2541 1162 2590 et
1177 2523 1352 2614 presente),

367 2651 455 2716 salvo
473 2652 545 2736 jure
563 2649 646 2738 regis
667 2649 700 2713 in
725 2650 883 2738 portubus
904 2648 1044 2732 Galliae3
1062 2663 1161 2736 utque
1182 2649 1287 2714 omnis
1302 2649 1350 2716 ris

367 2776 613 2865 prohiberetur,
635 2774 800 2839 Praefecti
823 2776 953 2840 navium
974 2775 1160 2839 cautionem
1186 2797 1291 2839 roooo
1312 2773 1351 2839 li·

368 2887 498 2952 brarum
519 2902 680 2972 praestare
704 2900 911 2974 cogerentur,
939 2884 1091 2972 equibus
1114 2883 1230 2952 damna
1249 2907 1349 2951 resar-

281 3029 287 3043 ‘
368 3013 511 3077 circutur
527 3011 587 3100 (3).
635 3009 725 3092 Quae
749 3011 857 3076 omnia
880 3027 990 3076 mutuo
1013 3010 1128 3076 fierent
1142 3010 1200 3100 (4).

413 3137 460 3202 Ex
473 3138 576 3202 hocce
588 3136 720 3203 foedere
736 3153 885 3226 apparet,
897 3138 1009 3227 Belgas
1024 3139 1199 3203 multorum
1216 3160 1350 3204 onerum

369 3263 464 3328 fuisse
485 3263 659 3347 immunes,
679 3264 793 3352 quibus
811 3263 865 3328 alii
882 3263 993 3352 populi
1007 3264 1253 3352 premebuntur,
1275 3286 1349 3328 cum

371 3387 450 3452 illud
478 3389 635 3477 imprimis
665 3389 779 3479 rigoris
810 3388 907 3456 edicti
936 3390 1009 3454 anni
1051 3388 1134 3470 1584
1167 3388 1349 3454 diminutio·

372 3535 445 3577 nem
469 3529 607 3600 spectat,
636 3514 725 3601 quod
754 3540 829 3582 sane
851 3517 989 3582 maxime
1015 3517 1154 3605 proluit,
1180 3541 1253 3583 cum
1282 3518 1348 3582 hoc

401 3784 437 3848 (1)
456 3782 507 3831 tid.
526 3784 573 3831 Art.
596 3787 606 3830 l
625 3793 648 3830 et
662 3787 688 3833 2.

402 3869 437 3936 (t)
456 3871 504 3916 Ast.
522 3870 548 3915 5.

402 3954 437 4022 (a)
455 3958 504 4004 Art.
522 3957 538 4003 8
559 3963 581 4001 et
597 3955 621 4000 t.

403 4039 438 4104 (tt
456 4042 504 4088 lrt.
520 4043 545 4089 7.
