3106 5110
810 409 854 474 58

332 673 393 742 pro
414 657 505 738 parte
528 663 695 733 suppresse
718 640 775 721 sit,
801 639 944 726 quamvis
967 661 1151 704 sunericus
1174 663 1214 705 xv
1240 641 1319 706 libe·

331 799 402 842 ram
421 771 567 838 halecum
588 765 822 846 invectionem,
853 763 929 828 olim
953 787 992 828 ex
1009 766 1079 830 Art.
1099 767 1220 855 9pacti
1243 767 1318 832 anni

337 901 420 992 1739
436 897 598 975 debitam,
616 891 719 981 Belgis
735 913 819 956 anno
841 888 925 977 1758
942 891 1122 978 permiserit
1136 891 1185 980 (1)
1202 909 1235 958 et
1251 915 1319 957 ma-

329 1033 435 1115 jorem
445 1019 702 1090 benevolentiam
715 1038 810 1104 quatu
823 1015 918 1106 Angli
931 1015 1123 1100 adbibuerit,
1136 1020 1193 1105 qui
1205 1041 1318 1083 omnes

334 1155 400 1219 lere
419 1171 514 1217 naves
529 1147 617 1236 ligno
634 1144 766 1210 navibus
787 1141 935 1230 parandis
958 1139 1079 1206 idonee
1102 1159 1250 1210 oneratas
1265 1167 1320 1210 ce·

334 1291 469 1370 perunt,
494 1293 686 1362 quamquam
709 1291 748 1333 ex
773 1268 873 1357 pactis
894 1267 982 1333 initis
1006 1268 1081 1334 talia
1105 1269 1220 1336 afferre
1243 1271 1320 1337 liee-

334 1407 391 1471 bat
459 1447 467 1466 .

378 1400 522 1591 nitidem
546 1540 643 1601 vero,
670 1515 711 1582 ad
733 1513 881 1606 magnam
897 1519 1093 1607 reipublicae
1109 1520 1317 1602 felicitatem,

336 1658 391 1724 eni
404 1653 525 1720 bellum
542 1643 616 1714 curu
633 1644 743 1734 singlis
758 1644 926 1708 imminere
942 1642 1132 1727 videbatur,
1155 1668 1220 1735 pax
1236 1647 1321 1711 inter

336 1782 493 1850 bellantes
508 1775 560 1840 die
580 1795 619 1837 ιο
637 1770 731 1836 Febr.
749 1771 822 1834 anni
845 1768 927 1856 1763
945 1770 1081 1854 coaluit,
1101 1772 1206 1862 Belgis
1222 1791 1320 1859 qnam

336 1909 475 1977 maxime
498 1898 724 1993 gaudentibus,
751 1911 1092 1990 quorummereatura
1117 1920 1176 1985 per
1202 1898 1319 1987 Angla·

336 2059 407 2103 rum
428 2031 552 2121 rapinas
572 2026 709 2116 plurima
729 2021 845 2088 damna
866 2039 1057 2111 acceperat,
1087 2027 1227 2112 quamvis
1245 2047 1313 2089 am.

334 2161 440 2232 bobus
451 2154 710 2247 belligerantibus
732 2151 816 2216 iuter
833 2149 911 2214 alias
928 2173 1050 2238 merces
1067 2151 1179 2216 multas
1199 2152 1317 2215 astulis

235 2321 241 2335 ·
337 2305 407 2357 sent
421 2286 552 2365 vetitas,
569 2281 655 2344 inter
669 2300 745 2365 quas
760 2276 919 2365 imprimis
935 2276 1047 2365 ingens
1064 2280 1221 2364 quantitas
1238 2280 1319 2368 pyrii

337 2411 477 2506 pulveris
493 2419 528 2472 et
543 2417 776 2470 tormentorum
793 2402 985 2466 bellicorum
1002 2419 1034 2466 et
1050 2402 1149 2468 Gallis
1166 2415 1199 2469 et
1213 2405 1320 2495 Anglie

337 2539 491 2618 advecta,
508 2526 725 2598 enumeranda
743 2543 791 2593 est
804 2526 867 2616 (3).

357 2657 701 2682 „„.......-...-.

375 2716 502 2785 (l)l(1.tJ1t
521 2728 542 2758 ο.
561 2708 579 2756 l.
601 2711 625 2756 1.
643 2709 703 2755 251.
721 2717 744 2754 ct
760 2705 825 2754 Verv.
843 2724 873 2771 op
890 2720 1021 2756 wissulae
1040 2711 1082 2755 22.
1102 2711 1161 2757 456.
1181 2721 1204 2758 et
1224 2712 1267 2758 23.
1285 2713 1325 2760 76.

429 2802 536 2846 Attamen
553 2792 617 2841 Galli
629 2791 689 2840 hanc
707 2792 874 2840 concessionem
889 2807 949 2840 armo
966 2794 1032 2840 178³
1050 2795 1135 2842 iterum
1155 2805 1325 2844 revocaverunt.

375 2885 411 2954 (2)
429 2881 482 2930 lid.
505 2878 568 2943 pacti
583 2879 639 2924 anni
660 2877 728 2924 1674
748 2877 796 2924 Art.
815 2878 831 2922 3
851 2887 875 2924 et
895 2877 919 2924 4.
940 2875 982 2924 ubi
1001 2894 1086 2926 merces
1105 2881 1187 2927 vetitae
1208 2890 1231 2927 et
1248 2880 1327 2928 licitae

431 2970 577 3014 recensentur
607 2969 630 3006 et
656 2957 742 3024 quibus
760 2957 802 3006 sub
822 2959 873 3006 illis
895 2977 952 3026 quas
969 2959 1049 3009 afferre
1069 2962 1125 3010 licet
1148 2975 1325 3030 computantur:

432 3049 537 3108 tinum,
554 3043 621 3104 vela,
639 3053 662 3092 et
678 3042 806 3104 anchome,
822 3042 879 3094 meli
897 3047 953 3094 item
976 3047 1067 3094 navales
1084 3057 1111 3096 ut
1129 3058 1152 3096 ct
1172 3065 1270 3111 asseres,
1291 3059 1327 3098 ta·

430 3133 501 3184 bulas
515 3139 538 3178 et
551 3125 627 3176 trabes
643 3143 671 3174 ex
684 3124 821 3192 quibusdam
838 3126 974 3192 arboribus,
1001 3147 1078 3179 omma
1091 3131 1137 3180 alia
1153 3131 1182 3179 ad
1198 3149 1266 3180 naves
1279 3147 1327 3180 sese

431 3211 593 3268 construendas
608 3227 648 3258 seu
663 3209 796 3257 reficiendas
813 3215 968 3276 comparata.”
1003 3216 1109 3262 Attamen
1128 3233 1187 3264 atino
1210 3217 1274 3265 1756
1295 3215 1325 3263 ab

431 3301 513 3368 Anglis
531 3297 646 3364 plurimae
665 3311 734 3344 nares
750 3305 830 3360 ceptae
848 3307 915 3358 suut,
932 3298 993 3364 quod
1012 3309 1163 3348 mercatorum
1181 3301 1328 3368 belgicorum

431 3384 535 3456 querelas
559 3381 680 3441 incitavit,
698 3381 740 3446 qui
759 3379 888 3428 haedere
907 3381 1016 3430 libellum
1036 3384 1165 3448 supplicem
1186 3384 1328 3433 Gubernanti

433 3464 609 3538 (Gonvernante)
628 3466 706 3512 lonae
725 3463 885 3527 tradiderunt,
902 3483 948 3532 quo
964 3466 1099 3516 detrimenta
1117 3467 1145 3516 ab
1165 3470 1245 3534 singlis
1262 3469 1329 3517 illata

433 3561 568 3604 enumerant
592 3559 615 3596 et
642 3547 757 3595 auxilinm
777 3547 806 3596 ab
831 3549 874 3596 illa
900 3559 982 3613 petunt
1004 3550 1033 3598 ad
1060 3551 1154 3599 classem
1173 3552 1329 3601 instruendam

434 3650 458 3688 et
476 3637 561 3703 Anglos
580 3633 699 3699 cogendos,
718 3644 765 3682 uta
777 3633 993 3699 depraedationibus
1011 3634 1153 3686 desisterent.
1183 3637 1234 3686 lid.
1252 3651 1331 3686 wass·

433 3735 496 3771 asan
510 3738 531 3767 o.
543 3717 559 3766 l.
573 3721 615 3765 22.
626 3717 677 3763 300
688 3734 735 3782 sqq.
747 3728 771 3766 et
780 3732 827 3766 vsu
835 3731 929 3768 sanent
943 3719 1010 3768 lerk.
1022 3721 1102 3770 (lescle.
1114 3721 1155 3770 der
1168 3722 1226 3772 Ned.
1235 3727 1260 3772 2.
1269 3727 1331 3773 271.

380 3809 416 3874 (³)
434 3806 482 3855 lino
501 3820 561 3852 anno
579 3802 645 3850 1766
664 3801 691 3849 in
709 3800 809 3850 Galbam
825 3803 939 3864 300,000
956 3802 1027 3852 libras
1043 3808 1152 3856 tormenti
1170 3806 1253 3857 bellici
1268 3809 1333 3874 (iJzer

435 3887 522 3954 keneu)
538 3896 561 3934 et
580 3886 691 3946 100,000
707 3884 778 3934 libras
796 3888 859 3952 pyrii
872 3887 974 3951 pulveris
990 3889 1133 3940 advexerunt
1148 3901 1171 3940 et
1185 3894 1211 3942 iu
1226 3894 1333 3960 dngliam

436 3977 505 4026 7000
517 3989 580 4023 erma
594 3970 735 4038 (generes),
752 3971 791 4020 cui
803 3972 874 4020 etiam
887 3989 946 4022 anno
964 3975 1045 4036 1757,
1063 3978 1173 4038 140,on
1186 3976 1258 4026 libras
1271 3979 1334 4045 pyrii

437 4059 540 4124 pulveris
556 4057 698 4118 attuleruut,
715 4054 762 4105 vid.
774 4054 831 4107 Ned.
841 4056 984 4106 Jaartoeten
994 4061 1048 4108 anni
1062 4062 1127 4110 1750
1139 4079 1191 4128 pag.
1206 4064 1270 4110 1041
1284 4080 1330 4128 sqq.
