3106 5110
207 830 332 896 Foedus
348 834 527 910 amicitiae,
542 827 844 914 confoederationis,
862 840 1041 898 commercii
1056 848 1089 899 et
1099 843 1193 900 naui·
1264 869 1267 874 ·

268 961 412 1044 gationis
435 962 521 1019 inter
541 975 736 1019 annoticum
757 977 813 1018 xlv
829 977 936 1044 regem
955 955 1082 1020 Galliae
1100 972 1133 1023 et

320 1084 459 1148 onerans
472 1103 656 1146 cananaeus
669 1080 775 1168 Belgii
783 1078 955 1168 foederati,
970 1086 1083 1144 initum

482 1230 523 1295 27
539 1204 644 1294 April.
661 1211 741 1268 anai
762 1203 843 1268 1662
860 1202 873 1292 (
894 1202 922 1291 ).

256 1391 384 1457 Foedus
394 1388 473 1455 illud
483 1438 492 1472 ,
502 1403 537 1453 ut
549 1410 590 1453 ex
600 1385 809 1474 inscriptione
822 1388 929 1450 statim
942 1402 1086 1475 apparet,
1098 1389 1199 1454 multa

216 1514 461 1604 complectitur,
482 1535 563 1600 quae
579 1509 751 1576 commode
765 1510 878 1576 referri
897 1527 1047 1598 possunt,
1068 1512 1201 1577 eumad

214 1640 287 1724 illa,
314 1662 396 1729 quae
419 1639 460 1705 de
484 1639 623 1705 amicitia
641 1635 777 1702 colenda
794 1647 827 1702 et
846 1635 967 1729 auxilio
984 1636 1196 1726 praestando,

213 1780 282 1829 tum
304 1763 345 1829 ad
369 1787 424 1847 ea,
449 1786 532 1851 quae
556 1761 596 1828 de
616 1762 718 1828 libera
737 1778 918 1828 mercatura
940 1785 979 1828 ac
997 1764 1199 1854 navigatione

214 1904 337 1972 cavent,
360 1889 473 1977 quibus
488 1887 656 1971 nonnulla,
675 1885 715 1953 de
732 1881 826 1952 bonis
840 1887 1011 1977 naufragis,
1028 1886 1069 1954 de
1084 1888 1200 1955 Piratis

215 2012 437 2104 profligandis,
463 2011 504 2078 de
525 2011 699 2078 Advocatis
720 2011 926 2096 adhibendis,
952 2010 1125 2082 adduntur.

260 2140 492 2228 Argumentum
511 2135 650 2201 foederis
673 2137 738 2201 huc
759 2135 863 2202 redit:

261 2263 361 2348 Quod
375 2264 416 2330 ad
430 2264 603 2328 amicitiam
621 2279 653 2328 ct
669 2263 821 2327 auxilium
834 2261 1077 2352 praestandum:
1103 2264 1203 2327 Auxi-

216 2393 295 2458 lium
313 2389 374 2456 sibi
391 2389 615 2454 contrahentes
628 2388 669 2452 ab
683 2403 817 2475 utraque
828 2403 921 2476 parte
931 2401 1110 2477 praestent,
1124 2410 1205 2453 con·

217 2536 268 2585 tra
284 2540 406 2595 omues,
423 2516 478 2603 qui
490 2517 563 2602 jura
577 2515 776 2598 commercii,
794 2514 1010 2604 navigationis,
1026 2516 1205 2604 piscaturae

217 2645 271 2710 vel
289 2647 361 2731 jure
382 2640 525 2730 gentium
543 2639 596 2704 vel
610 2640 713 2727 pactis
730 2641 895 2703 conventis
912 2641 1083 2727 permissa,
1107 2661 1206 2728 quae-

217 2769 278 2835 sita
293 2766 346 2832 vel
362 2761 543 2854 quaerenda
558 2763 762 2854 perturbent,
779 2777 915 2851 propter
932 2785 1027 2851 quae,
1046 2764 1072 2828 si
1085 2764 1127 2828 ab
1138 2786 1206 2830 uno

218 2893 340 2961 bellum
356 2891 550 2972 declaretur,
567 2886 655 2952 idem
668 2887 768 2953 faciat
778 2887 872 2971 alter,
889 2902 1023 2977 rogante
1037 2889 1141 2972 socio,
1159 2889 1206 2953 in·

219 3038 269 3088 tra
285 3035 422 3109 quatuor
435 3037 575 3097 meuses,
598 3037 672 3080 eum
687 3015 810 3079 interea
825 3011 928 3104 copiis
943 3027 977 3078 et
990 3014 1123 3079 navibus
1138 3037 1205 3080 sus·

218 3162 354 3229 tentans,
375 3167 450 3210 cum
465 3157 643 3232 praeterea,
666 3140 748 3206 alter
762 3141 867 3206 socius
884 3139 1002 3205 milites
1015 3156 1203 3230 congreget,

220 3295 316 3338 naves
329 3269 477 3335 aedificet
490 3268 542 3333 vel
551 3267 654 3350 locet,
666 3282 702 3330 ut
717 3267 815 3330 etiam
831 3279 1021 3353 apparatum
1036 3263 1205 3346 bellicum,

221 3402 256 3464 iu
275 3397 404 3463 alterius
425 3395 575 3484 regione,
600 3388 690 3478 quod
709 3390 854 3454 hostiae
875 3359 1097 3475 permittatur,
1120 3387 1207 3453 salva

221 3525 324 3590 libera
339 3529 518 3586 mercatura
535 3514 637 3605 gentis
652 3512 793 3578 neutrius
808 3533 883 3576 cum
897 3511 1006 3594 hoste,
1027 3534 1119 3597 casu,
1140 3536 1204 3604 quo

221 3650 277 3716 ille
295 3669 394 3713 unum
416 3643 579 3710 sociorum
600 3637 816 3730 adgrediatur.
864 3639 1054 3706 Cautionem
1075 3664 1110 3706 se
1125 3642 1205 3707 inti·

254 3945 289 4012 tt)
307 3945 362 3995 Vide
383 3944 463 3994 foedus
480 3943 543 4010 apud
561 3961 583 3992 o.
602 3943 618 3992 1.
641 3957 739 3992 armam
759 3944 801 3994 10.
820 3943 863 3992 te.
882 3941 943 3989 ³00.
981 3953 1011 3987 ou
1030 3952 1089 3988 noar
1107 3955 1128 3989 o.
1147 3939 1165 3990 l.
1185 3943 1211 3992 ².

318 4031 377 4079 tta.
394 4030 433 4079 Gr.
452 4027 512 4079 llas.
533 4030 601 4078 tte.
619 4027 697 4078 2⁰10.
