3106 5110
840 437 884 506 48

371 668 506 762 plurima
521 668 624 758 Belgis
638 665 741 731 adbuc
754 687 905 732 concessa
916 667 993 750 sint,
1010 687 1200 756 quaequam
1213 671 1350 737 maxime

371 797 563 887 proderant,
581 795 627 858 uti
643 809 707 859 est:
733 793 900 882 abrogatio
920 792 1014 882 legis,
1038 815 1119 880 quae
1134 794 1351 877 invectionem

369 920 516 985 halecum
538 916 710 982 durissimis
731 916 969 982 conditionibus
994 918 1221 1003 adstrinxerat,
1250 920 1351 986 libera

370 1045 530 1134 navigatio
548 1067 607 1134 per
627 1067 715 1110 marc
736 1041 1007 1108 Mediterraneum
1024 1043 1065 1109 ad
1082 1061 1192 1133 portus
1207 1045 1347 1128 Galliae,

367 1193 449 1259 quae
482 1185 574 1235 antea
608 1167 703 1234 certis
737 1167 945 1256 vectigalibus
981 1169 1177 1233 onerabatur
1206 1169 1261 1233 hic
1294 1170 1349 1234 ab·

329 1297 331 1302 ’
365 1297 508 1386 rogatis,
520 1293 697 1382 antiquatio
715 1292 878 1381 vectigalis
894 1291 977 1357 illius
995 1290 1036 1357 50
1052 1291 1245 1376 solidorum,
1262 1294 1349 1382 quod

366 1435 417 1484 tot
434 1435 584 1507 tantaque
602 1418 685 1484 mala
703 1433 883 1507 pepererat.
931 1418 1099 1483 Praeterea
1116 1420 1252 1484 mutatio
1269 1420 1350 1485 inest

362 1547 397 1610 in
418 1542 609 1634 abrogandis
625 1542 814 1607 Consulibus
831 1541 1010 1626 maritimis,
1033 1544 1220 1631 inquorum
1238 1544 1348 1610 locum

365 1671 419 1736 alii
435 1669 659 1751 nominantur,
682 1667 815 1732 fortasse
830 1683 867 1731 ut
882 1669 928 1732 sic
944 1679 1093 1742 caveatur
1108 1669 1347 1757 quaestionibus

364 1792 405 1859 de
424 1815 537 1858 corum
555 1802 717 1881 potestate
733 1813 829 1880 saepe
846 1792 935 1859 ortis.
983 1794 1133 1858 Ceterum
1150 1793 1271 1858 nullum
1287 1793 1346 1859 luit

363 1935 457 1984 antea
479 1932 630 2009 pactum,
655 1939 719 2004 quo
740 1930 829 1982 tanta
851 1916 956 2008 Belgis
977 1919 1150 1984 commoda
1169 1921 1232 1985 sint
1246 1920 1344 2008 stipu-

363 2044 447 2128 lata,
472 2041 612 2131 adquae
629 2043 725 2108 etiam
740 2043 880 2132 pertinet
895 2041 1051 2133 promissa
1066 2045 1216 2110 mercium
1234 2044 1342 2109 matri·

364 2171 455 2254 cula,
482 2192 563 2258 quae
586 2168 735 2234 conlecta
750 2184 798 2233 est
814 2167 867 2233 die
884 2191 927 2254 29
942 2169 1020 2256 Maji
1036 2170 1111 2234 anui
1132 2169 1213 2256 1699
1231 2167 1343 2257 (1),et

361 2319 421 2385 per
437 2318 533 2383 quam
547 2294 682 2384 vectigal
699 2293 901 2377 solvendum,
919 2295 1044 2360 ratione
1059 2295 1214 2361 mercium
1231 2292 1343 2360 delini·

361 2435 426 2486 tur.
451 2454 495 2470 -
516 2416 656 2484 Additur
686 2418 783 2482 ctiam
813 2433 947 2507 pactum
978 2420 1147 2508 separatim
1179 2420 1264 2484 inter
1295 2441 1345 2484 re·

361 2566 435 2633 gem
456 2543 579 2608 Galliae
601 2558 633 2608 et
654 2541 790 2608 Ordines
814 2541 986 2608 Generales
1008 2543 1141 2625 initum,
1172 2541 1213 2607 de
1236 2559 1345 2607 mutua

361 2668 509 2734 libertate
526 2667 670 2757 piscandi
685 2666 812 2733 halece:
829 2666 953 2754 aliaque
968 2667 1103 2757 piscium
1124 2688 1259 2756 genera,
1280 2687 1344 2754 quo

360 2792 561 2859 Praesidibus
581 2794 711 2858 navium
736 2792 819 2856 cives
841 2791 984 2856 inillam
1006 2792 1195 2880 perturbare
1211 2791 1344 2858 interdi-

362 2918 444 2982 citur
462 2916 521 3004 (a).

404 3044 464 3108 His
481 3043 628 3124 omnibus
643 3042 689 3106 ita
706 3041 903 3125 constitutis,
927 3065 989 3134 pax
1006 3064 1065 3133 per
1081 3058 1182 3108 totam
1197 3041 1266 3108 fere
1281 3042 1344 3106 Eu·

361 3191 478 3260 ropam
500 3167 644 3234 restituta
665 3182 733 3250 est,
760 3190 856 3255 quarn
878 3180 915 3233 ut
933 3185 1096 3235 servarent
1113 3168 1209 3257 Angli
1226 3179 1258 3234 et
1274 3168 1344 3234 Bel·

361 3317 421 3384 gae
432 3317 507 3358 cum
516 3316 592 3383 rege
604 3291 742 3376 Galliae,
754 3296 842 3380 cujus
856 3293 1066 3359 ambitionem
1078 3295 1243 3379 timebant,
1259 3317 1344 3361 anno

366 3421 448 3508 1697
472 3436 504 3485 et
529 3416 612 3506 1699
632 3415 747 3485 foedus
762 3419 974 3509 pepigerunt,
999 3440 1062 3508 qno
1079 3440 1201 3484 cauom
1217 3442 1245 3484 rr
1262 3420 1344 3509 regis

361 3543 534 3632 Hispaniae
557 3545 729 3634 imperium
752 3542 961 3628 dividebant,
994 3566 1036 3608 ne
1063 3567 1138 3633 rege
1165 3543 1341 3628 defuncto,

363 3707 684 3728 a-—n--u———n-—n

395 3807 431 3875 (l)
449 3809 485 3856 Du
507 3821 567 3856 nour
590 3825 612 3856 o.
631 3808 649 3858 l.
671 3811 695 3860 t.
713 3815 739 3860 2.
759 3812 810 3861 tua
826 3823 850 3862 ct
867 3816 926 3866 47³.
945 3815 989 3866 ubi
1005 3813 1088 3884 Belgae
1107 3833 1185 3886 regem
1202 3828 1298 3885 rogant,
1320 3835 1349 3868 ne

453 3895 541 3957 majora
560 3895 688 3961 imponeret
701 3897 825 3964 vectigalia
843 3901 869 3950 in
894 3899 999 3963 baleces,
1018 3919 1088 3969 quam
1104 3919 1133 3951 ex
1149 3903 1272 3953 matricula
1294 3904 1350 3952 anni

455 3980 523 4028 1664
541 3979 685 4047 exigebatur.

311 4095 314 4103 .
396 4059 433 4127 (2)
451 4062 486 4108 Du
499 4075 558 4110 rom
575 4077 597 4110 o.
613 4061 631 4114 l.
650 4067 674 4114 7.
692 4066 717 4113 2,
735 4065 795 4114 ³04.
