3106 5110
625 1288 789 1375 CAPUT
816 1287 1112 1374 SECUNDUM.

374 1524 623 1575 encratitarum
641 1525 675 1572 ET
692 1523 831 1572 RATIONES
844 1523 1000 1573 conuentu
1018 1523 1053 1571 ΕΤ
1073 1521 1273 1572 Navtutrlonls
1290 1523 1363 1586 Quae

421 1630 543 1679 PA'ssdddE
568 1629 695 1678 nosram
719 1631 776 1678 CUM
801 1631 907 1678 uttam
930 1629 1191 1691 marcesserunt,
1209 1630 1228 1676 A
1247 1629 1313 1676 PAGE

458 1734 684 1783 uonasralamttst
698 1735 737 1782 tn
749 1735 937 1784 RISVIGENSEM
951 1737 990 1783 AB
1001 1733 1079 1783 ANNO
1096 1735 1274 1784 lota-1607.

754 2017 969 2047 Qec>-

465 2231 592 2326 Paoem
620 2260 904 2325 Monasteriensem
934 2261 1018 2326 inter
1047 2283 1154 2350 regem
1187 2262 1357 2351 Hispaniae

377 2389 411 2438 et
426 2371 537 2460 Belgas
554 2371 724 2459 separatim
746 2369 874 2450 initam,
900 2393 1081 2434 unnovrcus
1101 2394 1156 2436 tuv
1178 2388 1243 2436 tam
1266 2395 1359 2460 aegre

377 2497 466 2580 tulit,
492 2511 529 2560 ut
549 2494 687 2586 legatum
703 2516 794 2558 suum
816 2495 921 2558 statim
942 2511 1125 2576 revocaret,
1151 2496 1205 2583 qui
1225 2496 1358 2561 Provin-

378 2622 435 2688 ciis
461 2619 557 2685 unitis
580 2620 740 2708 ingratum
762 2619 904 2683 animum
929 2619 1105 2705 objiciens,
1127 2621 1166 2684 iis
1182 2619 1357 2685 vindictam

376 2748 460 2836 regis
487 2745 623 2810 minatus
652 2759 699 2809 est
716 2741 780 2831 (1),
806 2741 847 2807 de
866 2766 927 2830 qua
950 2745 1099 2831 profecto
1122 2767 1188 2809 non
1210 2722 1265 2808 diu
1284 2760 1358 2833 post

377 2870 540 2960 apparuit,
556 2892 627 2933 cum
640 2871 705 2954 jam
716 2868 861 2954 sequenti
873 2891 958 2932 anno
971 2868 1186 2936 invectionem
1200 2870 1357 2934 mercium

376 2993 700 3061 manufabricatarum
724 2992 1001 3079 (manufactum),
1024 3017 1118 3081 quam
1146 2973 1308 3060 nanninus
1323 3018 1357 3060 ιν

376 3120 574 3211 permiserat,
584 3140 640 3182 rex
646 3116 771 3182 Galliae
779 3119 979 3206 prohibuerit
987 3120 1034 3209 (2)
1046 3120 1139 3187 etdie
1154 3121 1272 3186 1Febr.
1282 3121 1356 3186 anni

381 3244 465 3311 1650
487 3241 645 3325 edietum,
666 3265 731 3330 quo
752 3244 901 3330 antiquae
922 3244 1007 3334 leges
1026 3249 1099 3310 anni
1120 3244 1203 3326 1543
1220 3262 1253 3310 et
1273 3246 1357 3325 1584

377 3369 665 3452 confirmabantur,
688 3370 902 3459 promulgavit
919 3370 983 3459 (3),
1000 3373 1112 3460 quibua
1128 3373 1283 3438 commoti
1299 3370 1357 3436 On

408 3697 444 3764 11)
462 3697 565 3745 Armant
575 3712 596 3743 o.
608 3695 625 3744 l.
637 3696 661 3743 11.
672 3695 714 3742 28.
726 3695 785 3743 ott.
805 3693 860 3743 Vide
871 3695 942 3742 etiam
950 3694 1013 3760 apud
1022 3708 1152 3742 utranam
1161 3692 1216 3742 Vad.
1227 3692 1308 3742 Gerch.
1320 3697 1362 3744 11.

469 3783 529 3830 485.
545 3780 658 3848 quomodo
674 3790 698 3827 et
710 3777 796 3845 quibua
810 3782 952 3846 argumentis
965 3780 1097 3828 Provinciae
1113 3794 1160 3826 nese
1174 3777 1338 3828 defendebant.

408 3867 443 3934 (2)
462 3865 518 3915 tide
537 3877 667 3914 wantum
683 3862 738 3912 tad.
755 3863 835 3912 (iesch.
856 3867 896 3912 12.
917 3864 941 3912 fl.

409 3951 444 4017 (d)
469 3951 614 4001 Declaratiou
634 3960 728 4016 portant
742 3949 868 4015 rdglement
887 3964 926 3996 sur
950 3946 971 3994 le
996 3947 1053 3995 saict
1072 3945 1099 3995 de
1123 3946 1147 3996 la
1165 3949 1299 4013 navigation
1320 3955 1364 3996 ret.

470 4037 518 4084 Art.
539 4037 578 4084 14.
596 4033 661 4091 tide
680 4034 776 4084 Rerueil
790 4033 830 4080 des
847 4049 897 4081 ane.
917 4031 961 4080 loia
979 4032 1057 4080 Frano.
1080 4035 1119 4082 17.
1141 4033 1198 4081 194.
