3106 5110
693 431 738 496 57

223 671 256 720 at
280 670 458 720 mercatura
476 671 573 738 esset,
588 655 643 722 sed
661 658 799 744 antiquis
819 655 931 724 edictis
947 676 980 726 et
995 659 1116 751 legibus
1132 663 1205 727 sub·

219 784 324 867 jecta,
342 804 402 848 neo
418 782 545 846 litterae
562 782 807 870 represallorum
824 797 916 847 antea
932 783 1024 850 datae
1040 786 1205 868 valerent,

222 906 307 972 salva
322 909 452 974 actione
468 926 580 971 eorum
595 907 629 970 in
648 928 785 994 quorum
798 907 1026 997 compendium
1038 926 1119 974 esset
1130 933 1209 975 con·

223 1058 340 1101 cessae.
355 1069 403 1086 --
414 1032 556 1098 Plurima
567 1031 642 1098 ideo
659 1033 824 1123 privilegia
841 1049 990 1099 revocata
1006 1049 1097 1117 sunt,
1113 1035 1213 1098 sicuti.

224 1160 392 1250 abrogatio
416 1157 578 1248 vectigalis
597 1157 639 1224 50
655 1157 851 1242 solidorum,
878 1159 978 1224 libera
997 1159 1142 1224 haleoum
1164 1161 1214 1222 in·

223 1285 350 1367 vectio,
368 1283 531 1376 multaque
544 1282 625 1364 alia,
642 1282 688 1346 ita
703 1297 739 1345 ut
753 1282 870 1371 Belgae
885 1304 991 1348 rursus
1007 1282 1145 1370 antiquis
1164 1282 1212 1347 le·

224 1409 316 1498 gibus
336 1423 369 1472 et
391 1409 504 1472 edictis
531 1421 735 1488 tenerentur3
767 1405 851 1493 {uod
880 1422 1032 1496 quantum
1060 1405 1122 1470 illis
1152 1429 1212 1472 no·

227 1533 330 1596 cuerit
348 1555 388 1596 ex
408 1532 613 1620 sequentibus
634 1547 779 1620 apparet.
826 1533 978 1597 Attamen
993 1553 1050 1597 rex
1062 1531 1208 1616 Galliae,

226 1654 331 1744 Belgis
350 1655 554 1746 urgentibus,
578 1678 633 1721 eos
649 1679 734 1721 anno
756 1662 839 1745 ¹749
858 1681 876 1722 a
892 1657 1039 1747 vectigali
1053 1657 1211 1724 solvendo

225 1803 285 1870 per
307 1796 432 1870 tempus
453 1803 507 1846 sex
530 1782 685 1846 mensium
706 1782 852 1847 liberavit
869 1799 902 1848 et
917 1783 1071 1848 tributum
1086 1781 1128 1849 de
1144 1785 1210 1873 pis-

225 1908 314 1974 cibus
330 1908 397 1973 sale
413 1905 552 1972 conditis
568 1906 717 1998 diminuit
736 1908 796 1998 (ι).

163 2083 167 2090 .
270 2033 360 2098 Bello
383 2055 461 2099 vero
487 2034 572 2099 inter
596 2034 746 2124 Angliam
766 2046 798 2099 et
815 2033 954 2099 Galliam
976 2035 1017 2100 de
1040 2038 1212 2102 Amerioae

226 2159 475 2247 possessionibus
506 2180 591 2222 anno
627 2157 711 2246 ‚756
736 2170 827 2241 orto,
842 2159 890 2248 (a)
922 2170 1060 2247 utroque
1085 2160 1212 2250 populo

228 2304 324 2372 opem
342 2296 375 2346 et
390 2282 563 2347 amicitiam
587 2282 754 2372 Belgarum
772 2298 921 2372 petente,
937 2303 993 2348 rex
1014 2280 1137 2349 Galliae
1151 2307 1213 2350 eos

228 2408 346 2472 iterum
373 2406 500 2494 excepit
522 2427 541 2470 a
565 2403 721 2470 solvendo
746 2406 893 2496 vectigali
923 2407 964 2472 50
981 2406 1159 2474 solidorum
1181 2426 1215 2474 et

227 2555 266 2598 ex
286 2533 428 2622 piscibus
451 2531 548 2596 salitis
571 2533 750 2622 vectigal]
765 2555 804 2598 ra
825 2531 865 2596 ad
875 2533 910 2620 f
918 2555 956 2599 io
978 2535 1141 2600 imminuit
1152 2534 1213 2623 (3)

274 2659 390 2748 Belgae
420 2681 500 2722 vero
531 2673 676 2722 neutram
709 2674 834 2746 partem
868 2673 1036 2743 sequentes
1065 2681 1217 2747 magnum

227 2785 378 2852 damnum
391 2785 432 2850 ab
444 2783 556 2873 Anglis
571 2785 657 2872 passi
672 2798 765 2866 sunt,
785 2784 903 2873 quippe
920 2786 974 2871 qui
991 2805 1104 2848 omues
1120 2805 1216 2849 naves

227 2923 386 2987 mercibus
413 2920 519 2986 vetitis
547 2933 697 2984 onerates
722 2933 755 2982 et
782 2918 814 2981 in
840 2916 981 2982 Galliam
1007 2919 1213 3009 navigantes,

228 3046 475 3138 publicaverunt
496 3061 608 3110 contra
632 3059 763 3132 pactum
783 3066 868 3107 anuo
890 3042 973 3132 1674
988 3045 1123 3126 initum,
1150 3067 1215 3132 quo

229 3193 351 3237 merces
364 3189 487 3238 tantum
499 3172 614 3237 vetitae
631 3193 697 3234 nou
713 3170 811 3252 aliae,
822 3192 883 3234 nec
899 3192 996 3234 naves
1011 3170 1215 3258 publicaren-

231 3313 282 3362 tur
298 3296 361 3386 (4),
392 3295 479 3385 quod
504 3297 613 3362 elleoit
634 3306 668 3359 ut
693 3310 850 3359 meroatus
872 3317 945 3359 cum
968 3293 1075 3359 Gallia
1095 3317 1210 3383 magua

305 3515 587 3526 ——.---—-.-—-

269 3650 306 3717 (1)
324 3649 458 3699 wisunt
477 3663 498 3694 ο.
522 3644 540 3694 t.
557 3646 600 3693 eo.
620 3644 682 3692 asa.

267 3735 303 3802 (2)
320 3733 373 3782 tid.
392 3744 482 3780 nrm
501 3747 522 3778 o.
541 3730 560 3778 l.
579 3732 605 3777 2.
624 3729 683 3776 tae.

268 3817 304 3884 (³)
322 3816 373 3866 tid.
388 3813 560 3865 arnoll.
579 3813 639 3861 851.
658 3812 700 3878 qui
714 3809 742 3858 tle
758 3809 904 3876 praecedenti
919 3810 1062 3857 concernunt
1077 3810 1134 3856 anni
1153 3813 1220 3860 174⁰

322 3903 412 3952 nnllam
430 3903 569 3951 mentionem
590 3900 662 3959 facit,
680 3911 753 3963 neque
772 3907 903 3944 waoutut
919 3891 947 3940 de
962 3892 1006 3941 illa
1028 3893 1084 3941 anni
1106 3895 1184 3944 1760.

268 3989 303 4052 (4)
321 3987 371 4035 tid.
387 3987 451 4035 lem.
470 4005 501 4054 op
516 3997 645 4034 wisura!
658 3985 700 4032 28.
719 3983 770 4030 269
785 3996 832 4045 qq.
850 3976 911 4044 qnotl
926 3975 956 4024 nl
972 3976 1089 4025 historiam
1106 3989 1131 4027 et
1148 3981 1222 4046 ipsius

327 4069 423 4120 foedent
440 4072 496 4119 anni
518 4072 585 4120 1074
603 4073 651 4118 lrt.
671 4071 718 4117 a-7
738 4064 801 4130 apud
819 4077 848 4111 ru
866 4075 925 4110 torn
943 4079 963 4109 o.
984 4063 1000 4110 l.
1018 4065 1044 4112 8.
1064 4067 1087 4112 1.
1107 4067 1167 4114 282.
