3106 5110
204 931 331 999 Foedus
346 945 473 998 mutuae
488 930 687 1019 defensionis
701 943 798 1020 atque
812 932 931 998 auxilii
948 939 1033 998 inter
1050 954 1188 1004 tunori-

240 1081 309 1124 cmr
321 1081 377 1123 xvr
392 1079 499 1146 regem
514 1057 640 1123 Galliae
652 1069 687 1122 et
699 1079 838 1124 atomus
851 1081 1037 1126 oructares
1046 1062 1153 1152 Belgio

285 1184 457 1250 Foederati
477 1183 530 1248 die
553 1184 573 1249 8
595 1185 677 1252 Noa.
703 1192 783 1248 anni
809 1183 892 1274 1785
916 1193 1029 1252 initum
1047 1185 1060 1275 (
1081 1186 1107 1274 ).

252 1432 356 1499 Multa
371 1432 413 1498 de
429 1433 570 1498 amicitia
586 1448 619 1499 et
634 1449 748 1498 mutuo
768 1433 887 1501 auxilio
902 1435 1110 1524 praestando,
1127 1438 1191 1502 hoc

209 1557 322 1646 foedus
347 1558 595 1648 complectitur,
626 1581 787 1648 perpauca
816 1583 893 1625 vero
922 1560 963 1626 de
989 1562 1192 1651 navigatione

209 1699 242 1749 et
257 1687 472 1769 commercio,
488 1708 570 1772 quac
587 1687 633 1752 ita
654 1711 688 1752 ee
708 1687 847 1753 habent:
870 1688 1059 1754 Cautionem
1080 1691 1192 1756 utrim-

209 1833 272 1897 que
295 1789 597 1876 contrahentes'sibi
611 1826 773 1900 praestent
789 1811 941 1877 damaris
957 1813 1105 1881 libertate
1129 1839 1192 1881 scr·

208 1933 312 2000 vando
327 1933 505 2001 secundum
519 1936 678 2026 regulam:
697 1937 813 2004 Libera
827 1938 935 2021 navis,
950 1937 1051 2004 libera
1065 1941 1191 2024 merx,”

209 2063 304 2128 salvis
327 2078 433 2128 tamen
448 2063 601 2128 Articulis
631 2083 671 2146 19
698 2076 731 2126 et
753 2082 796 2124 20
819 2065 907 2149 pacti
932 2063 1009 2126 anni
1034 2063 1118 2150 1713
1136 2063 1194 2153 (a).

211 2185 381 2252 Gaudeant
410 2189 497 2252 cives
518 2201 551 2251 et
574 2183 694 2251 subditi
716 2186 758 2250 ab
782 2207 847 2250 una
868 2201 901 2251 et
922 2185 1021 2252 altera
1042 2199 1133 2277 parte
1154 2189 1192 2253 iis

211 2310 409 2401 privilegiis,
444 2309 534 2399 quod
556 2308 597 2374 ad
620 2325 853 2393 mercaturam,
886 2311 1002 2398 quibus
1032 2315 1192 2403 populus,

211 2438 263 2502 cui
284 2438 421 2503 maxima
443 2434 616 2502 commoda
637 2435 700 2498 sint
720 2457 893 2519 concessa,
917 2433 1023 2504 donec
1044 2436 1086 2504 de
1108 2462 1195 2506 com·

210 2565 323 2630 mercii
345 2587 403 2653 per
425 2572 555 2652 pactum
578 2559 789 2625 conveniatur
805 2559 865 2648 (3).

255 2688 403 2756 Foedere
426 2688 527 2770 inita,
552 2686 682 2751 illorum
704 2685 803 2750 factio
829 2686 884 2773 qui
904 2686 1027 2752 inimici
1050 2688 1194 2779 Principi

209 2813 432 2905 (stadhcuder)
447 2832 567 2877 novum
586 2832 695 2878 rerum
713 2808 861 2876 ordinem
880 2810 915 2875 in
931 2811 1099 2901 republica
1116 2837 1194 2879 con·

208 2941 338 3006 stituere
356 2937 528 3022 volebant,
549 2936 743 3027 praevaluit,
768 2959 833 3025 quo
849 2961 1038 3005 crcrrutms
1059 2963 1081 3006 v
1103 2963 1194 3031 apa·

208 3066 307 3130 ternis
323 3063 528 3154 dignitatibus
544 3059 732 3148 destitutus,
752 3084 829 3128 mox
850 3085 929 3129 vero
952 3086 1038 3130 anno
1065 3064 1149 3152 1787
1174 3088 1193 3130 a

210 3187 353 3252 Borusais
373 3189 406 3251 vi
423 3189 585 3252 restitutus
601 3201 648 3252 est
663 3185 721 3274 (4).
767 3188 863 3252 Brevi
879 3203 971 3276 post,
987 3211 1073 3252 anno
1092 3188 1189 3275 1789,

250 3399 285 3471 (1)
304 3403 355 3454 lid.
373 3404 455 3454 foedus
469 3406 532 3473 opud
551 3419 653 3456 mrum
669 3425 691 3457 o.
710 3408 729 3456 l.
750 3411 774 3457 4.
795 3410 837 3458 66.

250 3488 285 3556 (2)
304 3492 352 3538 Art.
362 3491 388 3538 8.
416 3489 477 3540 Ellea
492 3507 515 3539 ae
531 3494 673 3558 garantiront
686 3493 862 3542 mutucllement
878 3493 901 3542 la
918 3492 1001 3543 liberte
1017 3493 1057 3543 der
1072 3511 1132 3544 mers
1146 3513 1201 3547 con·

304 3575 440 3623 formement
453 3592 483 3624 au
497 3577 602 3643 principe
616 3578 659 3642 (sui
673 3585 728 3626 veut
745 3594 790 3644 qua
804 3578 826 3626 la
842 3578 945 3644 prvillon
959 3581 1006 3628 ami
1020 3594 1088 3628 aauve
1102 3581 1126 3630 la
1141 3598 1203 3630 mar·

304 3656 412 3706 claudiae
430 3660 551 3720 ennemie,
569 3661 625 3708 raus
637 3669 701 3709 touta
718 3662 763 3710 scia
777 3661 811 3710 lca
824 3664 957 3729 exceptione
972 3663 1083 3713 enoncear
1096 3664 1153 3714 dana
1167 3666 1203 3715 leo

304 3741 352 3791 Art.
363 3741 596 3793 marcomirum
606 3742 767 3794 deccmmarrc
779 3747 844 3813 aigne
862 3749 876 3795 ai
892 3747 986 3798 Utrecht
998 3752 1027 3797 ll
1038 3749 1103 3798 Arril
1124 3753 1201 3802 1713.

304 3826 350 3890 Qui
368 3827 462 3878 articuli
482 3829 514 3877 10
529 3837 553 3878 et
568 3831 603 3878 20
619 3845 705 3879 mercer
719 3828 833 3880 definiunt
849 3832 932 3880 vetitae
948 3841 972 3878 et
990 3832 1074 3880 licitae.

249 3905 285 3974 (³)
302 3911 350 3959 Art.
372 3913 637 3962 13....re1auvement
662 3929 693 3962 ou
713 3930 836 3963 commerce
853 3924 876 3962 et
893 3917 906 3961 l
924 3915 947 3964 la
964 3916 1098 3980 navigation
1114 3931 1200 3966 comme

305 3991 328 4042 la
345 3995 424 4044 ration
443 3995 466 4044 la
483 3997 537 4061 plus
554 3997 672 4048 iavoririe.

248 4075 285 4143 (4)
303 4075 353 4126 lid.
369 4076 430 4143 quod
444 4077 474 4128 ad
483 4079 605 4132 Hiatoriam
616 4095 705 4132 rrum
717 4098 739 4132 0.
750 4083 768 4134 l.
778 4082 796 4130 l.
808 4081 826 4132 l.
836 4093 882 4130 var
893 4093 986 4132 unat
995 4099 1017 4132 ο.
1028 4082 1045 4132 l.
1056 4085 1082 4135 2.
1093 4085 1144 4132 ³2⁰
1153 4100 1202 4151 sqq.
