3106 5110
846 353 869 417 6

370 591 419 641 ret
440 576 509 665 (r);
535 577 622 665 quod
643 599 735 642 verus
753 577 826 642 fons
842 592 904 660 est,
929 601 948 642 e
964 601 1028 667 quo
1043 595 1156 670 postea
1172 583 1292 671 patriae
1308 585 1347 649 li·

371 701 477 766 bertas
488 703 657 786 emanavit,
665 718 697 767 et
706 725 771 790 quo
781 703 858 786 nisa,
870 725 955 768 nova
965 705 1076 770 civitas
1089 707 1204 772 victrix
1218 709 1345 775 tandem

370 849 389 890 e
406 827 493 892 bello
516 829 623 914 evasit.
669 829 794 894 Interea
813 850 891 894 vero
909 852 1024 920 magna
1040 831 1249 899 imminebant
1264 835 1347 922 peri·

369 951 452 1034 cula,
463 975 557 1056 saepe
569 968 666 1036 tanta,
680 953 889 1018 utsortissimi
901 952 941 1019 de
955 955 1151 1044 reipublicae
1161 959 1261 1025 salute
1276 958 1346 1024 des·

368 1092 537 1164 perurent3
555 1099 593 1141 ac
608 1099 795 1142 commuue
811 1101 825 1142 1
842 1080 969 1161 occiso,
985 1103 1026 1145 eo
1040 1085 1269 1172 augustiarum,
1284 1101 1346 1151 tes·

370 1212 458 1268 tante
485 1201 601 1266 Grotio
617 1201 680 1292 (α),
707 1201 880 1268 deventum
910 1221 997 1288 erat,
1026 1222 1061 1271 ut
1085 1208 1204 1273 vellent
1230 1212 1344 1275 exteris

369 1327 475 1417 regnis
484 1350 667 1393 accrescere
677 1350 737 1392 nec
748 1326 1010 1396 admitterentur:
1022 1353 1177 1395 summum
1189 1333 1274 1396 enim
1287 1334 1343 1397 im-

368 1451 493 1540 perium
517 1450 663 1539 Majores
680 1454 782 1518 nostri
807 1476 955 1520 nururco
976 1477 1019 1520 ru
1038 1456 1104 1545 regi
1117 1452 1241 1520 Galliae
1256 1471 1288 1520 et
1303 1479 1343 1521 eo

371 1557 518 1658 nolente,
540 1600 762 1643 nnrsrnnruan
777 1578 911 1667 Angliae
926 1582 1055 1668 reginae
1071 1580 1271 1662 obtulerant,
1293 1581 1347 1668 qui

368 1702 465 1766 ambo
489 1703 636 1791 accipere
662 1703 805 1789 quamvis
826 1712 1023 1784 recusantes,
1051 1703 1167 1790 opibus
1188 1719 1220 1768 et
1244 1705 1346 1792 copiis

367 1825 480 1915 Belgas
495 1827 730 1908 sustentabant,
745 1842 780 1890 ut
795 1826 860 1891 boc
875 1823 975 1889 modo
993 1848 1146 1891 rnrtrrro
1162 1827 1343 1909 obstarent,

367 1951 422 2039 qui
432 1952 481 2035 vi,
494 1975 559 2041 qua
573 1954 734 2041 antiquam
746 1951 934 2042 religionem
941 1951 1138 2016 Catholicam
1152 1973 1343 2016 conservare

366 2078 512 2160 volebat,
528 2079 589 2142 toti
606 2079 755 2167 Europae
769 2077 976 2159 imminebat,
994 2090 1089 2164 atque
1105 2077 1138 2140 in
1156 2076 1224 2164 ipsa
1239 2074 1343 2141 Gallia

365 2202 485 2269 bellum
516 2202 609 2267 civile
632 2201 838 2282 incitavemt,
867 2223 933 2287 quo
960 2198 1117 2289 impedire
1147 2200 1341 2280 conabatur,

365 2326 533 2412 quominus
545 2347 706 2390 marcus
718 2347 752 2390 tv
765 2326 799 2388 in
811 2347 943 2413 regnum
954 2323 1156 2407 succederet,
1170 2326 1224 2412 qui
1235 2339 1343 2389 tamen

364 2456 501 2517 victore
515 2451 603 2516 bello
619 2449 798 2515 domestico
814 2448 986 2531 excedens,
1004 2470 1078 2513 eum
1093 2470 1295 2512 narsreurna
1310 2459 1341 2512 et

365 2576 542 2642 Provinciis
563 2576 659 2640 unitis
674 2598 747 2640 sere
764 2575 931 2660 conjunxit
946 2573 986 2639 ad
1005 2575 1220 2662 Hispanorum
1237 2574 1338 2639 embi-

364 2706 485 2770 tionem
510 2700 744 2784 cohibendum
774 2699 860 2766 unde
880 2699 995 2765 foedus
1023 2714 1147 2779 natum,
1168 2698 1255 2784 qnod
1282 2701 1341 2764 im·

362 2827 473 2916 primis
504 2828 674 2916 Belgarum
705 2842 903 2892 mercaturae
935 2823 1033 2904 savit,
1065 2845 1145 2910 quae
1170 2825 1236 2909 jum
1263 2835 1341 2890 tunc

362 2952 516 3039 temporie
545 2949 681 3016 florebat
698 2949 764 3040 (3),
794 2966 827 3013 et
849 2971 908 3037 per
933 2948 1036 3036 ipsum
1060 2947 1178 3013 bellum
1203 2952 1341 3017 maxime

363 3085 456 3140 aucta
478 3089 546 3156 est,
567 3095 665 3161 quum
686 3071 803 3160 belgae
827 3071 881 3159 qui
905 3087 998 3136 antea
1013 3094 1135 3138 merces
1150 3073 1192 3138 ab
1208 3074 1342 3142 Oriente

363 3225 379 3265 a
398 3199 555 3266 Lusitanis
572 3197 737 3280 advectas,
761 3200 796 3264 iu
815 3198 894 3264 urbe
909 3199 1059 3264 bissebou
1077 3216 1240 3283 emerant,
1265 3202 1346 3269 belli

361 3327 548 3392 necessitate
576 3325 701 3406 coacti,
733 3324 792 3413 ipsi
820 3322 862 3390 ad
889 3324 1049 3390 Orientem
1079 3325 1285 3416 navigarent,
1308 3343 1341 3394 et

361 3451 538 3518 societates
554 3453 803 3539 constituerent,
823 3473 904 3538 quae
919 3472 994 3516 mor
1008 3450 1049 3516 ad
1063 3474 1219 3518 summum
1235 3453 1341 3543 splen·

397 3789 432 3854 ιι)
451 3743 500 3837 ιιι
518 3790 566 3837 ιιι.
588 3791 609 3835 1.
630 3785 692 3836 foed.
714 3787 780 3836 rem
796 3785 835 3832 cr.
857 3785 903 3833 m.
923 3785 948 3831 e.
969 3788 991 3833 ι.
1009 3789 1033 3834 ι.

396 3875 431 3940 (2)
447 3875 516 3923 (taor.
532 3873 591 3921 Anu.
610 3873 634 3920 4.
651 3871 694 3918 88.

402 3958 438 4021 13)
452 3959 501 4010 lid.
516 3972 585 4008 rusae
599 3955 661 4006 lloll.
676 3953 754 4020 llijld.
775 3958 797 4002 l.
813 3955 863 4002 2³1
881 3968 929 4020 sqq.
