3106 5110
626 402 724 500 sun

203 661 292 726 cibus
312 661 584 728 Architbalassiris
602 659 761 748 (Offiniera
783 657 823 724 de
839 659 1038 749 l'Amirnute')
1054 609 1183 730 dirime»

201 803 310 856 rentur
325 786 381 876 (1)
427 787 553 856 Liceret
570 809 669 878 porro
687 786 821 852 navibus
840 787 969 852 armatis
994 803 1026 853 et
1046 787 1181 878 praeda·

200 913 322 980 toribus
335 914 437 980 libere
451 914 484 979 in
502 927 612 1004 portus
628 912 808 978 alterutrius
819 911 938 978 intrare
952 927 985 977 et
996 913 1043 978 ibi
1059 937 1181 982 merces

198 1049 307 1128 captas
328 1049 360 1104 et
378 1036 532 1128 praedam
547 1037 704 1122 vendere,
732 1061 813 1127 quae
828 1037 1007 1104 secundum
1022 1039 1107 1129 leges
1123 1062 1182 1129 po·

197 1162 264 1250 puli
275 1162 429 1252 capientis
440 1161 675 1250 judicarentur,
690 1187 762 1230 cum
779 1165 1004 1230 contrahentes
1018 1165 1079 1253 ipsi
1090 1187 1180 1232 suam

145 1371 150 1381 ,
203 1289 361 1354 rationem
374 1287 489 1378 agendi
505 1287 594 1378 quod
609 1287 651 1354 ad
667 1311 765 1356 neves
781 1307 891 1380 captas
906 1288 1103 1380 dirigerent(
1125 1291 1149 1380 ).

239 1399 345 1480 Paeto*
362 1415 441 1497 illo,
466 1438 531 1502 quo
555 1438 596 1480 ne
617 1416 715 1481 verbo
733 1414 863 1504 quidem
879 1415 919 1482 de
935 1426 1047 1481 mutuo
1063 1415 1181 1480 auxilio

199 1556 312 1606 contra
334 1540 457 1630 Anglos
478 1539 671 1630 praestando
696 1543 904 1624 convenitur,
934 1541 1051 1606 arctius
1073 1556 1179 1606 tamen

198 1665 361 1730 vinculum
376 1667 460 1731 inter
472 1667 704 1756 rempublicam
718 1683 751 1732 et
765 1664 903 1732 Galliam
918 1665 1097 1747 contraxit,
1118 1687 1183 1731 am·

198 1791 302 1856 bobus
317 1791 445 1880 populis
462 1789 579 1856 eodem
593 1791 680 1856 bello
695 1791 824 1880 pressia3
843 1787 939 1872 unde,
955 1789 1097 1876 quamvis
1112 1790 1182 1856 nul·

197 1915 265 1982 lum
284 1899 578 1984 confoederationis
591 1915 705 1983 foedus
722 1931 866 1998 extaret,
890 1930 1000 1980 tamen
1016 1914 1181 1980 communi

197 2043 336 2132 quodam
355 2067 512 2112 consensu
525 2067 577 2110 res
592 2045 775 2134 gerebatur,
797 2045 833 2106 in
848 2062 1001 2127 magnum
1015 2061 1093 2104 sane
1109 2039 1180 2106 Bel-

197 2190 308 2257 garum
330 2169 574 2260 compendium,
597 2167 652 2254 qui
667 2165 770 2230 nulla's
787 2163 854 2228 fere
871 2161 982 2250 copias
998 2176 1031 2226 et
1047 2183 1178 2250 parram

197 2293 328 2360 classem
354 2293 515 2360 habebant
536 2313 599 2378 qua
620 2289 731 2378 anglis
753 2287 958 2370 resisterent,
988 2287 1106 2374 quique
1127 2285 1179 2350 die

196 2417 238 2485 ab
262 2419 375 2486 Martis
395 2418 471 2483 anni
497 2416 580 2506 ¹7⁸²
603 2417 670 2505 regi
691 2412 815 2481 Galliae
833 2413 1020 2483 solemniter
1037 2411 1179 2480 declara·

195 2544 290 2626 bant,
306 2563 340 2608 ae
353 2564 420 2607 non
434 2541 494 2606 nisi
509 2539 674 2605 communi
686 2537 805 2605 amilio
818 2548 850 2602 et
864 2559 1021 2604 consensu
1033 2548 1178 2622 acturos,

193 2666 300 2736 donec
329 2667 371 2734 de
398 2665 564 2733 communi
591 2686 692 2754 opera
720 2661 942 2744 convenisset,
976 2661 1066 2750 quod
1090 2661 1179 2730 idem

193 2795 289 2860 etiam
310 2816 369 2860 rex
388 2791 515 2860 Galliae
534 2790 697 2881 pollicitus
717 2804 765 2856 est
777 2787 840 2876 (3).
886 2787 1012 2852 Interea
1027 2810 1177 2879 magnum

195 2915 348 2983 damnum
373 2917 569 3007 reipublicae
593 2915 634 2982 ab
658 2914 770 3005 Anglis
793 2913 917 2978 illatum
942 2928 1011 2996 est,
1043 2914 1097 3002 qui
1120 2937 1178 3004 per

190 3042 290 3108 breve
307 3057 434 3130 tempus
450 3041 557 3131 plures
572 3062 668 3128 quam
685 3040 873 3130 quingentas
890 3062 985 3104 nares
1001 3057 1172 3130 ceperunt,

3 3149 5 3252 l
193 3185 257 3251 qno
283 3165 351 3228 lere
374 3181 443 3230 tota
464 3180 643 3232 mercatura
664 3163 770 3230 deleta
790 3175 837 3230 est
851 3165 899 3252 (4)
920 3181 952 3228 et
972 3166 1173 3252 respublica,

228 3389 264 3456 (1)
282 3391 331 3438 Art.
352 3391 375 3438 1.
390 3392 407 3438 ²
423 3397 446 3437 et
461 3391 486 3437 3.

228 3473 264 3540 (2)
282 3473 330 3522 Art.
346 3473 429 3521 «teta.
454 3473 475 3521 Il
490 3487 539 3522 aera
552 3471 610 3520 libre
626 3489 640 3520 a
654 3489 677 3520 aa
692 3473 786 3536 ldajeste
796 3476 841 3522 tres
855 3473 1007 3537 Chretienne,
1023 3477 1179 3546 ainriqu’aux

283 3558 406 3624 Seigneura
421 3545 483 3606 dnn
498 3557 635 3620 Generum,
652 3555 680 3605 de
698 3557 755 3606 faire
770 3559 814 3607 tela
829 3559 966 3625 reglementa
981 3559 1053 3627 qu’ils
1066 3564 1180 3612 evicerant

282 3641 341 3692 bona
356 3643 404 3690 titre
420 3641 579 3690 relativement
596 3644 610 3689 d
626 3640 650 3691 la
669 3641 777 3691 coudnite
793 3646 917 3712 qn’auront
935 3648 949 3694 i
967 3647 1028 3694 tenir
1044 3647 1107 3696 leura
1121 3649 1181 3696 vais=

281 3743 352 3778 aanor
367 3737 391 3776 et
407 3736 533 3778 armatema
547 3727 667 3792 respectisr
683 3729 697 3775 i
712 3725 801 3794 l‘e’gerd
815 3728 856 3776 dea
869 3727 993 3778 bntimeuta
1009 3729 1081 3800 qu’ils
1098 3741 1181 3781 eruunt

282 3816 331 3880 pru
348 3822 372 3863 et
384 3813 476 3862 amenas
491 3811 548 3862 datu
564 3828 597 3861 uu
614 3810 654 3860 der
672 3820 734 3878 porta
748 3811 788 3862 dea
804 3811 865 3864 deux
884 3812 1045 3863 dominatione.

227 3895 264 3960 (3)
281 3898 353 3948 lluurr
369 3915 391 3948 ο.
409 3897 427 3948 l.
445 3901 468 3946 l.
487 3898 548 3947 ³5³.
568 3905 592 3945 et
609 3894 668 3946 Ned.
682 3894 760 3945 Jaarb.
781 3898 837 3946 anni
857 3898 933 3945 1782.
950 3897 1002 3944 tae
1018 3913 1066 3965 sqq.

229 3979 264 4046 (4)
282 3981 408 4032 ldematnra
425 3981 470 4031 boc
486 3992 588 4048 tempora
607 3981 655 4030 sera
677 3989 725 4030 tota
747 3982 812 4042 ruit,
837 3981 870 4029 ita
895 3991 923 4028 ut
951 3978 1045 4030 Ordines
1063 3981 1183 4032 Generalcr

284 4079 351 4114 nerea
363 4067 508 4118 mercatoriae
520 4075 623 4116 vetarent
637 4075 729 4133 apertu
744 4065 859 4132 proficiet
866 4098 874 4126 ,
889 4073 1013 4132 antequam
1030 4065 1108 4116 eluerit
1119 4063 1183 4116 aden·
